@preamble{ "\newcommand{\noopsort}[1]{} "
	# "\newcommand{\printfirst}[2]{#1} "
	# "\newcommand{\singleletter}[1]{#1} "
	# "\newcommand{\switchargs}[2]{#2#1} " }

% Related work
@article{Ahmed2020,
	author = {Nadeem Ahmed and Regio A. Michelin and Wanli Xue and Sushmita Ruj and Robert Malaney and Salil S. Kanhere and Aruna Seneviratne and Wen Hu and Helge Janicke and Sanjay Jha},
	doi = {10.1109/access.2020.3010226},
	journal = {IEEE Access},
	title = {A Survey of {COVID}-19 Contact Tracing Apps},
	volume = {8},
	year = {2020},
}

@article{Kuhn2021,
	author = {Christiane Kuhn and Martin Beck and Thorsten Strufe},
	doi = {10.1016/j.osnem.2021.100125},
	journal = {Online Soc. Netw. Media},
	title = {Covid Notions: Towards Formal Definitions -- and Documented Understanding -- of Privacy Goals and Claimed Protection in Proximity-Tracing Services},
	volume = {22},
	year = {2021}
}

@article{Dar2020,
	author = {Aaqib Bashir Dar and Auqib Hamid Lone and Saniya Zahoor and Afshan Amin Khan and Roohie Naaz},
	doi = {10.1016/j.cosrev.2020.100307},
	journal = {Comput. Sci. Rev.},
	title = {Applicability of Mobile Contact Tracing in Fighting Pandemic ({COVID}-19): Issues, Challenges and Solutions},
	volume = {38},
	year = {2020}
}

@article{Lucivero2020,
	author = {Federica Lucivero and Nina Hallowell and Stephanie Johnson and Barbara Prainsack and Gabrielle Samuel and Tamar Sharon},
	doi = {10.1007/s11673-020-10016-9},
	journal = {J. Bioeth. Inq.},
	issue = {4},
	title = {{COVID}-19 and Contact Tracing Apps: Ethical Challenges for a Social Experiment on a Global Scale},
	volume = {17},
	year = {2020}
}

@article{Martin2020,
	author = {Tania Martin and Georgios Karopoulos and Jos\'{e} Hern\'{a}ndez-Ramos and Georgios Kambourakis and Igor Nai Fovino},
	doi = {10.1155/2020/8851429},
	journal = {Wirel. Commun. Mob. Comput.},
	title = {Demystifying {COVID}-19 digital contact tracing: A survey on frameworks and mobile apps},
	volume = {2020},
	year = {2020},
}

@inproceedings{Wen2020,
	author = {Haohuang Wen and Qingchuan Zhao and Zhiqiang Lin and Dong Xuan and Ness Shroff},
	doi = {10.1007/978-3-030-63086-7_17},
	editor = {Noseong Park and Kun Sun and Sara Foresti and Kevin Butler and Nitesh Saxena},
	booktitle = {Secur. Priv. Commun. Netw.},
	publisher = {Springer Int. Publ.},
	title = {A study of the privacy of {COVID}-19 contact tracing apps},
	series = {Lect. Notes Inst. Comput. Sci., Soc. Inform. Telecomm. Eng.},
	volume = {335},
	year = {2020}
}

@article{Raskar2020,
	author = {Raskar, Ramesh and Schunemann, Isabel and Barbar, Rachel and Vilcans, Kristen and Gray, Jim and Vepakomma, Praneeth and Kapa, Suraj and Nuzzo, Andrea and Gupta, Rajiv and Berke, Alex and Greenwood, Dazza and Keegan, Christian and Kanaparti, Shriank and Beaudry, Robson and Stansbury, David and Arcila, Beatriz Botero and Kanaparti, Rishank and Pamplona, Vitor and Benedetti, Francesco M and Clough, Alina and Das, Riddhiman and Jain, Kaushal and Louisy, Khahlil and Nadeau, Greg and Pamplona, Vitor and Penrod, Steve and Rajaee, Yasaman and Singh, Abhishek and Storm, Greg and Werner, John},
	title = {Apps Gone Rogue: Maintaining Personal Privacy in an Epidemic},
	year = {2020},
	doi = {10.48550/arXiv.2003.08567},
	journal = {arXiv},
	primaryClass = {cs.CR},
	eprint = {2003.08567}
}

@article{Cho2020,
	author = {Cho, Hyunghoon and Ippolito, Daphne and Yu, Yun William},
	title = {Contact Tracing Mobile Apps for {COVID}-19: Privacy Considerations and Related Trade-offs},
	year = {2020},
	doi = {10.48550/arXiv.2003.11511},
	journal = {arXiv},
	primaryClass = {cs.CR},
	eprint = {2003.11511}
}

@misc{AppleGoogle,
	title = {Privacy-Preserving Contact Tracing},
	author = {{Apple Inc.} and {Google LLC}},
	url = {https://covid19.apple.com/contacttracing},
	year = {2021}
}

% Risk propagation
@article{Troncoso2020,
	title = {Decentralized Privacy-Preserving Proximity Tracing}, 
	author = {Carmela Troncoso and Mathias Payer and Jean-Pierre Hubaux and Marcel Salath\'{e} and James Larus and Edouard Bugnion and Wouter Lueks and Theresa Stadler and Apostolos Pyrgelis and Daniele Antonioli and Ludovic Barman and Sylvain Chatel and Kenneth Paterson and Srdjan \v{C}apkun and David Basin and Jan Beutel and Dennis Jackson and Marc Roeschlin and Patrick Leu and Bart Preneel and Nigel Smart and Aysajan Abidin and Seda G\"{u}rses and Michael Veale and Cas Cremers and Michael Backes and Nils Ole Tippenhauer and Reuben Binns and Ciro Cattuto and Alain Barrat and Dario Fiore and Manuel Barbosa and Rui Oliveira and Jos\'{e} Pereira},
	year = {2020},
	doi = {10.48550/arXiv.2005.12273},
	archivePrefix = {arXiv},
	primaryClass = {cs.CR},
	eprint = {2005.12273}
}

@article{Menni2020,
	author = {Menni, Cristina and Valdes, Ana M and Freidin, Maxim B and Sudre, Carole H and Nguyen, Long H and Drew, David A and Ganesh, Sajaysurya and Varsavsky, Thomas and Cardoso, M Jorge and {El-Sayed Moustafa}, Julia S and Visconti, Alessia and Hysi, Pirro and Bowyer, Ruth C E and Mangino, Massimo and Falchi, Mario and Wolf, Jonathan and Ourselin, Sebastien and Chan, Andrew T and Steves, Claire J and Spector, Tim D},
	doi = {10.1038/s41591-020-0916-2},
	journal = {Nat. Med.},
	issue = {7},
	title = {Real-time tracking of self-reported symptoms to predict potential {COVID}-19},
	volume = {26},
	year = {2020}
}

@inproceedings{Ayday2021,
	author = {Erman Ayday and Youngjin Yoo and Anisa Halimi},
	doi = {10.1145/3459930.3469553},
	booktitle = {Proc. 12th ACM Con. Bioinformatics, Comput. Biology, Health Inform.},
	title = {{ShareTrace}: An Iterative Message Passing Algorithm for Efficient and Effective Disease Risk Assessment on an Interaction Graph},
	series = {BCB 2021},
	year = {2021}
}

@incollection{Bishop2006,
	author = {Christopher M. Bishop},
	editor = {M. I. Jordan and Robert Nowak and Bernhard Schoelkopf},
	booktitle = {Inf. Sci. Stat.},
	title = {Pattern Recognition and Machine Learning},
	year = {2006},
	publisher = {Springer}
}

@misc{CDC2021,
	title = {Quarantine and Isolation},
	author = {{Centers for Disease Control and Prevention}},
	url = {https://www.cdc.gov/coronavirus/2019-ncov/your-health/quarantine-isolation.html},
	year = {2021}
}

@article{Kschischang2001,  
	author={Frank R. Kschischang and Brendan J. Frey and  Hans A. Loeliger},  
	journal={{IEEE} Trans. Inf. Theory}, 
	title={Factor graphs and the sum-product algorithm}, 
	year={2001},  
	volume={47},  
	issue={2},
	doi={10.1109/18.910572}
}

@article{Hamner2020,
	author = {Hamner, Lea and Dubbel, Polly and Capron, Ian and Ross, Andy and Jordan, Amber and Lee, Jaxon and Lynn, Joanne and Ball, Amelia and Narwal, Simranjit and Russell, Sam and Patrick, Dale and Leibrand, Howard},
	doi = {10.15585/mmwr.mm6919e6},
	journal = {MMWR Surveill. Summ.},
	issue = {19},
	title = {High {SARS-CoV}-2 Attack Rate Following Exposure at a Choir Practice -- {Skagit County, Washington, March} 2020},
	volume = {69},
	year = {2020}
}

% Temporal networks
@article{Zhou2007,
	title = {Bipartite network projection and personal recommendation},
	author = {Zhou, Tao and Ren, Jie and Medo, Mat\'u\ifmmode \check{s}\else \v{s}\fi{} and Zhang, Yi-Cheng},
	journal = {Phys. Rev. E},
	volume = {76},
	issue = {4},
	year = {2007},
}

@article{Moody2002,
	author = {James Moody},
	issue = {1},
	journal = {Soc. Forces.},
	title = {The Importance of Relationship Timing for Diffusion},
	volume = {81},
	year = {2002},
}

@article{Holme2012,
	author = {Petter Holme and Jari Saram\"{a}ki},
	doi = {10.1016/j.physrep.2012.03.001},
	issue = {3},
	journal = {Phys. Rep.},
	title = {Temporal networks},
	volume = {519},
	year = {2012},
}

@article{Holme2015,
	author = {Petter Holme},
	doi = {10.1140/epjb/e2015-60657-4},
	issue = {9},
	journal = {Eur. Phys. J. B},
	title = {Modern temporal network theory: a colloquium},
	volume = {88},
	year = {2015},
}

@article{Riolo2001,
	author = {Christopher S. Riolo and James S. Koopman and Stephen E. Chick},
	doi = {10.1093/jurban/78.3.446},
	issue = {3},
	journal = {J. Urban Health},
	title = {Methods and measures for the description of epidemiologic contact networks},
	volume = {78},
	year = {2001},
}

@article{Craft2015,
	author = {Meggan E. Craft},
	doi = {10.1098/rstb.2014.0107},
	issue = {1669},
	journal = {Phil. Trans. R. Soc. B},
	title = {Infectious disease transmission and contact networks in wildlife and livestock},
	volume = {370},
	year = {2015},
}

@article{Pastor-Satorras2015,
	author = {Romualdo Pastor-Satorras and Claudio Castellano and Piet Van Mieghem and Alessandro Vespignani},
	doi = {10.1103/RevModPhys.87.925},
	issue = {3},
	journal = {Rev. of Mod. Phys.},
	title = {Epidemic processes in complex networks},
	volume = {87},
	year = {2015},
}

@article{Koher2019,
	author = {Andreas Koher and Hartmut H. K. Lentz and James P. Gleeson and Philipp H\"{o}vel},
	doi = {10.1103/PhysRevX.9.031017},
	issue = {3},
	journal = {Phys. Rev. X},
	title = {Contact-based model for epidemic spreading on temporal networks},
	volume = {9},
	year = {2019},
}

@article{Zino2021,
	author = {Lorenzo Zino and Ming Cao},
	doi = {10.1109/mcas.2021.3118100},
	issue = {4},
	journal = {{IEEE} Circuits Syst. Mag.},
	title = {Analysis, Prediction, and Control of Epidemics: A Survey from Scalar to Dynamic Network Models},
	volume = {21},
	year = {2021},
}

@article{Lokhov2014,
	author = {Andrey Y. Lokhov and Marc M\'{e}zard and Hiroki Ohta and Lenka Zdeborov\'{a}},
	doi = {10.1103/PhysRevE.90.012801},
	issue = {1},
	journal = {Phys. Rev. E},
	title = {Inferring the origin of an epidemic with a dynamic message-passing algorithm},
	volume = {90},
	year = {2014},
}

@article{Danon2011,
	author = {Leon Danon and Ashley P. Ford and Thomas House and Chris P. Jewell and Gareth O. Roberts and Joshua V. Ross and Matthew C. Vernon},
	doi = {10.1155/2011/284909},
	journal = {Interdiscip. Perspect. Infect. Dis.},
	title = {Networks and the Epidemiology of Infectious Disease},
	volume = {2011},
	year = {2011},
}

@incollection{Barrat2013,
	author = {Alain Barrat and Ciro Cattuto},
	doi = {10.1007/978-3-642-36461-7_10},
	editor = {Petter Holme and Jari Saram{\"a}ki},
	title = {Temporal Networks of Face-to-Face Human Interactions},
	booktitle = {Temporal Netw.},
	series = {Underst. Complex Syst.},
	publisher = {Springer},
	year = {2013},
}

@article{Karrer2010,
	title = {Message passing approach for general epidemic models},
	author = {Karrer, Brian and Newman, M. E. J.},
	journal = {Phys. Rev. E},
	volume = {82},
	issue = {1},
	year = {2010},
	doi = {10.1103/PhysRevE.82.016101},
}

@article{Li2021,
	title = {Impact of presymptomatic transmission on epidemic spreading in contact networks: A dynamic message-passing analysis},
	author = {Li, Bo and Saad, David},
	journal = {Phys. Rev. E},
	volume = {103},
	issue = {5},
	year = {2021},
	doi = {10.1103/PhysRevE.103.052303}
}

% Graph processing
@article{Johnson1977,
	author = {Donald B. Johnson},
	doi = {10.1145/321992.321993},
	issue = {1},
	journal = {J. ACM},
	title = {Efficient Algorithms for Shortest Paths in Sparse Networks},
	volume = {24},
	year = {1977}
}

@article{Fortunato2010,
	author = {Santo Fortunato},
	issue = {3--5},
	journal = {Phys. Rep.},
	title = {Community detection in graphs},
	volume = {486},
	year = {2010},
	doi = {10.1016/j.physrep.2009.11.002}
}

@article{McCune2015,
	author = {Robert McCune and Tim Weninger and Greg Madey},
	doi = {10.1145/2818185},
	issue = {2},
	journal = {ACM Comput. Surveys},
	title = {Thinking Like a Vertex: A Survey of Vertex-Centric Frameworks for Large-Scale Distributed Graph Processing},
	volume = {48},
	year = {2015},
}

@incollection{Aggarwal2010,
	author = {Charu C. Aggarwal and Haixun Wang},
	doi = {10.1007/978-1-4419-6045-0_9},
	editor = {Ahmed K. Elmagarmid and Amit P. Sheth},
	booktitle = {Manag. Min. Graph Data},
	series = {Adv. Database Syst.},
	publisher = {Springer},
	title = {A Survey of Clustering Algorithms for Graph Data},
	volume = {40},
	year = {2010},
}

@incollection{Buluc2016,
	author = {Ayd{\i}n Bulu\c{c} and Henning Meyerhenke and Ilya Safro and Peter Sanders and Christian Schulz},
	doi = {10.1007/978-3-319-49487-6_4},
	editor = {Lasse Kliemann and Peter Sanders},
	booktitle = {Algorithm Eng.: Sel. Results Surveys},
	publisher = {Springer},
	title = {Recent Advances in Graph Partitioning},
	year = {2016},
}

@article{Moussawi2021,
	author = {Adnan El Moussawi and Nac\'{e}ra Bennacer Seghouani and Francesca Bugiotti},
	doi = {10.26421/jdi2.2-2},
	issue = {2},
	journal = {J. Data Intell.},
	title = {{BGRAP}: Balanced {GRAph} Partitioning Algorithm for Large Graphs},
	volume = {2},
	year = {2021},
}

@article{Karypis1998,
	author = {George Karypis and Vipin Kumar},
	issue = {1},
	journal = {SIAM J. Sci. Comput.},
	title = {A Fast and High Quality Multilevel Scheme for Partitioning Irregular Graphs},
	volume = {20},
	year = {1998},
	doi = {10.1137/S1064827595287997}
}

@article{Han2015,
	author = {Minyang Han and Khuzaima Daudjee},
	doi = {10.14778/2777598.2777604},
	issue = {9},
	journal = {Proc. VLDB Endow.},
	title = {Giraph Unchained: Barrierless Asynchronous Parallel Execution in Pregel-like Graph Processing Systems},
	volume = {8},
	year = {2015},
}

% Actor model
@book{Agha1986,
	author = {Gul Abdulnabi Agha},
	publisher = {MIT Press},
	title = {Actors: A Model of Concurrent Computation in Distributed Systems},
	year = {1986},
	doi = {10.7551/mitpress/1086.001.0001}
}

@techreport{Baker1977,
	author = {Henry Baker and Carl Hewitt},
	institution = {Massachusetts Institute of Technology},
	publisher = {MIT Artificial Intelligence Laboratory},
	title = {Laws for Communicating Parallel Processes},
	year = {1977},
}

% Evaluation
@article{Fournet2014,
	author = {Julie Fournet and Alain Barrat},
	doi = {10.1371/journal.pone.0107878},
	issue = {9},
	journal = {PLoS ONE},
	title = {Contact Patterns among High School Students},
	volume = {9},
	year = {2014},
}

@article{Genois2018,
	author = {Mathieu G{'e}nois and Alain Barrat},
	doi = {10.1140/epjds/S13688-018-0140-1},
	issue = {1},
	journal = {EPJ Data Sci.},
	title = {Can co-location be used as a proxy for face-to-face contacts?},
	volume = {7},
	year = {2018},
}

@inproceedings{Bastian2009, 
	title = {Gephi: An Open Source Software for Exploring and Manipulating Networks},
	volume = {3}, 
	issue = {1},
	booktitle = {Proc. Int. AAAI Con. Web Soc. Media}, 
	author = {Bastian, Mathieu and Heymann, Sebastien and Jacomy, Mathieu}, 
	year = {2009}
}

@inproceedings{Hagberg2008,
	author = {Aric A. Hagberg and Daniel A. Schult and Pieter J. Swart},
	booktitle = {Proc. 7th Python Sci. Con.},
	editor = {Ga\"el Varoquaux and Travis Vaught and Jarrod Millman},
	title = {Exploring Network Structure, Dynamics, and Function using {NetworkX}},
	year = {2008}
}

@article{Csardi2005,
	author = {Gabor Csardi and Tamas Nepusz},
	year = {2005},
	volume = {1695},
	title = {The Igraph Software Package for Complex Network Research},
	journal = {InterJournal}
}

@article{Dall2002,
	author = {Jesper Dall and Michael Christensen},
	doi = {10.1103/PhysRevE.66.016121},
	issue = {1},
	journal = {Phys. Rev. E},
	title = {Random geometric graphs},
	volume = {66},
	year = {2002}
}

@article{Holme2002,
	author = {Petter Holme and Beom Jun Kim},
	doi = {10.1103/PhysRevE.65.026107},
	issue = {2},
	journal = {Phys. Rev. E},
	title = {Growing scale-free networks with tunable clustering},
	volume = {65},
	year = {2002}
}

@article{Lancichinetti2008,
	author = {Andrea Lancichinetti and Santo Fortunato and Filippo Radicchi},
	doi = {10.1103/PhysRevE.78.046110},
	issue = {4},
	journal = {Phys. Rev. E},
	title = {Benchmark graphs for testing community detection algorithms},
	volume = {78},
	year = {2008}
}

% Future work
@inproceedings {Hsieh2017,
	author = {Kevin Hsieh and Aaron Harlap and Nandita Vijaykumar and Dimitris Konomis and Gregory R. Ganger and Phillip B. Gibbons and Onur Mutlu},
	title = {Gaia: Geo-Distributed Machine Learning Approaching {LAN} Speeds},
	booktitle = {14th USENIX Symp. Networked Syst. Des. Implement. (NSDI 17)},
	year = {2017}
}

@article{Cano2015,
	author = {Cano, Ignacio and Mahajan, Dhruv and Fumarola, Giovanni Matteo and Krishnamurthy, Arvind and Weimer, Markus and Curino, Carlo},
	title = {Towards Geo-Distributed Machine Learning},
	year = {2015},
	journal = {{IEEE} Database Eng. Bull.},
	volume = {40},
}

@inproceedings{Jonas2017,
	author = {Jonas, Eric and Pu, Qifan and Venkataraman, Shivaram and Stoica, Ion and Recht, Benjamin},
	title = {Occupy the Cloud: Distributed Computing for the 99\%},
	year = {2017},
	doi = {10.1145/3127479.3128601},
	booktitle = {Proc. 2017 Symp. Cloud Comput.},
	series = {SoCC '17}
}

@inproceedings{Singhvi2017,
	author = {Singhvi, Arjun and Banerjee, Sujata and Harchol, Yotam and Akella, Aditya and Peek, Mark and Rydin, Pontus},
	title = {Granular Computing and Network Intensive Applications: Friends or Foes?},
	year = {2017},
	doi = {10.1145/3152434.3152450},
	booktitle = {Proc. 16th ACM Workshop Hot Top. Netw.},
	series = {HotNets-XVI}
}

@inproceedings{Abramson2020,
	author = {Will Abramson and Adam James Hall and Pavlos Papadopoulos and Nikolaos Pitropakis and William J. Buchanan},
	doi = {10.1007/978-3-030-58986-8_14},
	editor = {Stefanos Gritzalis and Edgar R. Weippl and Gabriele Kotsis and A. Min Tjoa and Ismail Khalil},
	booktitle = {TrustBus 2020: Trust, Priv., Secur. Digit. Bus.},
	series = {Lect. Notes Comput. Sci.},
	title = {A Distributed Trust Framework for Privacy-Preserving Machine Learning},
	volume = {12395},
	year = {2020},
}

@article{Dwork2014,
	year = {2014},
	volume = {9},
	journal = {Found. Trends Theor. Comput. Sci.},
	title = {The Algorithmic Foundations of Differential Privacy},
	doi = {10.1561/0400000042},
	issue = {3--4},
	author = {Cynthia Dwork and Aaron Roth}
}

% Appendix
@misc{Giraph2020,
	title = {Apache {Giraph} Documentation},
	author = {{The Apache Software Foundation}},
	url = {https://giraph.apache.org/},
	year = {2020}
}

@article{Valiant1990,
	author = {Valiant, Leslie G.},
	doi = {10.1145/79173.79181},
	journal = {Communications of the ACM},
	number = {8},
	title = {A Bridging Model for Parallel Computation},
	volume = {33},
	year = {1990}
}

% TODO Update
@misc{aws2021,
	title = {Amazon Web Services Documentation},
	author = {{Amazon Web Services}},
	url = {https://aws.amazon.com/},
	year = {2021},
	note = {Retrieved 31 May 2021}
}

@inproceedings{Malewicz2010,
	address = {New York, NY, USA},
	author = {Malewicz, Grzegorz and Austern, Matthew H and Bik, Aart J C and Dehnert, James C and Horn, Ilan and Leiser, Naty and Czajkowski, Grzegorz},
	booktitle = {Proceedings of the 2010 ACM SIGMOD International Conference on Management of data},
	isbn = {9781450300322},
	month = {jun},
	pages = {135--146},
	publisher = {ACM},
	title = {Pregel: A System for Large-Scale Graph Processing},
	year = {2010}
}

@misc{Dataswift,
	title = {Dataswift Documentation},
	author = {Dataswift},
	url = {https://docs.dataswift.io/},
	year = {2021},
	note = {Retrieved 27 March 2021}
}

@misc{Python2021,
	title = {Python Documentation},
	author = {Python Software Foundation},
	url = {https://docs.python.org/3/},
	year = {2021},
	note = {Retrieved 31 May 2021}
}

@misc{NumPy2021,
	title = {NumPy Documentation},
	author = {NumPy},
	url = {https://numpy.org/doc/stable/},
	year = {2021},
	note = {Retrieved 31 May 2021}
}

@misc{aiohttp2021,
	title = {aiohttp Documentation},
	author = {aiohttp maintainers},
	url = {https://docs.aiohttp.org/en/stable/},
	year = {2021},
	note = {Retrieved 31 May 2021}
}

@misc{joblib2021,
	title = {Joblib Documentation},
	author = {Joblib developers},
	url = {https://joblib.readthedocs.io/en/latest/},
	year = {2021},
	note = {Retrieved 31 May 2021}
}

@misc{ray2021,
	title = {Ray Documentation},
	author = {{The Ray Team}},
	url = {https://docs.ray.io/en/master/},
	year = {2021},
	note = {Retrieved 31 May 2021}
}

@book{Gamma1994,
	author = {Gamma, Erich and Helm, Richard and Johnson, Ralph and Vlissides, John and Booch, Grady},
	edition = {1},
	isbn = {0201633612},
	month = {sep},
	publisher = {Addison-Wesley Professional},
	title = {{Design Patterns: Elements of Reusable Object-Oriented Software}},
	year = {1994}
}

@misc{aws2021,
	title = {Amazon Web Services Documentation},
	author = {{Amazon Web Services}},
	url = {https://aws.amazon.com/},
	year = {2021},
	note = {Retrieved 31 May 2021}
}

@misc{streams2021,
	title = {Reactive Streams GitHub Repository},
	url = {https://github.com/reactive-streams/reactive-streams-jvm/tree/v1.0.3},
	year = {2021},
	note = {Retrieved 31 May 2021}
}

@misc{manifesto214,
	title = {The Reactive Manifesto},
	author = {Bon{\'{e}}r, Jonas and Farley, Dave and Kuhn, Roland and Thompson, Marton},
	url = {https://www.reactivemanifesto.org/},
	year = {2014},
	note = {Retrieved 31 May 2021}
}

@misc{Singhal2020,
	author = {Singhal, Tanu},
	booktitle = {Indian Journal of Pediatrics},
	doi = {10.1007/s12098-020-03263-6},
	issn = {09737693},
	keywords = {2019-nCOV,COVID-19,Pneumonia,Review,SARS-CoV-2},
	month = {apr},
	number = {4},
	pages = {281--286},
	pmid = {32166607},
	publisher = {Springer},
	title = {{A Review of Coronavirus Disease-2019 (COVID-19)}},
	url = {https://doi.org/10.1007/s12098-020-03263-6},
	volume = {87},
	year = {2020}
}

@inproceedings{Morton1966,
	address = {Ottawa, Ontario, Canada},
	title = {A computer Oriented Geodetic Data Base and a new Technique in File Sequencing},
	author = {G.M. Morton},
	publisher = {IBM Ltd.},
	month = {March},
	year = {1966},
	url = {https://dominoweb.draco.res.ibm.com/reports/Morton1966.pdf},
	urldate = {2021-04-09},
}

@article{Vellambi2007,  
	author={Vellambi, Badri N. and Fekri, Faramarz},  journal={IEEE Transactions on Information Theory},  
	title={Results on the Improved Decoding Algorithm for Low-Density Parity-Check Codes Over the Binary Erasure Channel},   
	year={2007},  
	volume={53},  
	number={4},  
	pages={1510-1520},  
	doi={10.1109/TIT.2007.892812}
}

@article{Pishro-Nik2007,  
	author={Pishro-Nik, Hossein and Fekri, Faramarz},  
	journal={IEEE Transactions on Information Theory},   
	title={Results on Punctured Low-Density Parity-Check Codes and Improved Iterative Decoding Techniques},   
	year={2007},  
	volume={53},  
	number={2},  
	pages={599-614}, 
	doi={10.1109/TIT.2006.889701}
}

@article{Ayday2012,  
	author={Ayday, Erman and Fekri, Faramarz},  
	journal={IEEE Transactions on Dependable and Secure Computing},   
	title={Iterative Trust and Reputation Management Using Belief Propagation},   
	year={2012},  
	volume={9},  
	number={3},  
	pages={375-386},  
	doi={10.1109/TDSC.2011.64}
}

@inproceedings{Humbert2013,
	author = {Humbert, Mathias and Ayday, Erman and Hubaux, Jean Pierre and Telenti, Amalio},
	booktitle = {Proceedings of the ACM Conference on Computer and Communications Security},
	doi = {10.1145/2508859.2516707},
	isbn = {9781450324779},
	issn = {15437221},
	keywords = {genomic privacy,inference algorithms,kinship,metrics},
	month = {nov},
	pages = {1141--1152},
	title = {{Addressing the concerns of the lacks family: Quantification of kin genomic privacy}},
	url = {http://dx.doi.org/10.1145/2508859.2516707.},
	year = {2013}
}

@article{Pyrgelis2020,
	author = {Pyrgelis, Apostolos and Troncoso, Carmela and {De Cristofaro}, Emiliano},
	doi = {10.1145/3392154},
	issn = {2476-1249},
	journal = {Proceedings of the ACM on Measurement and Analysis of Computing Systems},
	keywords = {aggregate location time-series,measurement study,membership inference attacks,mobility analytics,privacy–utility tradeoffs},
	month = {jun},
	number = {2},
	pages = {1--28},
	publisher = {Association for Computing Machinery (ACM)},
	title = {{Measuring Membership Privacy on Aggregate Location Time-Series}},
	url = {https://doi.org/10.1145/3392154},
	volume = {4},
	year = {2020}
}

@article{Zhang2020,
	author={Zhang, Guanglin and Zhang, Anqi and Zhao, Ping},
	journal={IEEE Internet of Things Journal},   
	title={LocMIA: Membership Inference Attacks Against Aggregated Location Data},   
	year={2020},  
	volume={7},  
	number={12},  
	pages={11778-11788},  
	doi={10.1109/JIOT.2020.3001172}
}

@article{Demirag2020,
	archivePrefix = {arXiv},
	arxivId = {2003.13073},
	author = {Demirag, Didem and Ayday, Erman},
	eprint = {2003.13073},
	issn = {23318422},
	journal = {arXiv},
	month = {mar},
	publisher = {arXiv},
	title = {{Tracking and Controlling the Spread of a Virus in a Privacy-Preserving Way}},
	url = {http://arxiv.org/abs/2003.13073},
	year = {2020}
}

@misc{Altmann2020,
	author = {Altmann, Samuel and Milsom, Luke and Zillessen, Hannah and Blasone, Raffaele and Gerdon, Frederic and Bach, Ruben and Kreuter, Frauke and Nosenzo, Daniele and Toussaert, S{\'{e}}verine and Abeler, Johannes},
	booktitle = {medRxiv},
	doi = {10.1101/2020.05.05.20091587},
	issn = {2291-5222},
	keywords = {Acceptability,COVID-19,Contact tracing,Coronavirus,MHealth app},
	month = {May},
	pages = {2020.05.05.20091587},
	publisher = {medRxiv},
	title = {{Acceptability of app-based contact tracing for COVID-19: Cross-country survey evidence}},
	url = {https://doi.org/10.1101/2020.05.05.20091587},
	year = {2020}
}

@article{Kuhn2020,
	archivePrefix = {arXiv},
	arxivId = {2004.07723},
	author = {Kuhn, Christiane and Beck, Martin and Strufe, Thorsten},
	eprint = {2004.07723},
	journal = {Online Social Networks and Media},
	keywords = {COVID-19,Contact tracing,Privacy,Privacy goals,Security},
	month = {Apr},
	publisher = {Elsevier B.V.},
	title = {{Covid Notions: Towards Formal Definitions -- and Documented Understanding -- of Privacy Goals and Claimed Protection in Proximity-Tracing Services}},
	url = {http://arxiv.org/abs/2004.07723},
	volume = {22},
	year = {2020}
}

@article{Simko2020,
	archivePrefix = {arXiv},
	arxivId = {2012.01553},
	author = {Simko, Lucy and Chang, Jack Lucas and Jiang, Maggie and Calo, Ryan and Roesner, Franziska and Kohno, Tadayoshi},
	eprint = {2012.01553},
	journal = {arXiv},
	keywords = {COVID-19,Contact tracing,Longitudinal,Privacy,Security,Usable security},
	month = {Dec},
	publisher = {arXiv},
	title = {{COVID-19 Contact Tracing and Privacy: A Longitudinal Study of Public Opinion}},
	url = {http://arxiv.org/abs/2012.01553},
	year = {2020}
}

@misc{Li2020,
	archivePrefix = {arXiv},
	arxivId = {2005.11957},
	author = {Li, Tianshi and King, Jennifer and Yang, Jackie and Agarwal, Yuvraj and Hong, Jason I. and Faklaris, Cori and Dabbish, Laura},
	booktitle = {arXiv},
	eprint = {2005.11957},
	issn = {23318422},
	keywords = {COVID-19,Contact tracing,Privacy,Trade-off},
	month = {May},
	publisher = {arXiv},
	title = {{Decentralized is not risk-free: Understanding public perceptions of privacy-utility trade-offs in covid-19 contact-tracing apps}},
	url = {https://arxiv.org/abs/2005.11957v1},
	year = {2020}
}

@inproceedings{Antonioli2020,
	author={Antonioli, Daniele and Tippenhauer, Nils Ole and Rasmussen, Kasper},
	title={BIAS: {Bluetooth} Impersonation AttackS},
	booktitle={Proceedings of the IEEE Symposium on Security and Privacy (S\&P)},
	month={May},
	year={2020}
}