@article{Erdos1959,
  title = {On random graphs I.},
  author = {Erd\"{o}s, Paul and R\'{e}nyi},
  year = 1959,
  journal = {Publicationes Mathematicae},
  volume = 6,
  number = {3--4},
  pages = {290--297},
  doi = {10.5486/PMD.1959.6.3-4.12}
}

@techreport{Morton1966,
  title = {A Computer Oriented Geodetic Data Base and a New Technique in File Sequencing},
  author = {G.M. Morton},
  year = 1966,
  institution = {International Business Machines}
}

@inproceedings{Hewitt1973,
  title = {A universal modular ACTOR formalism for artificial intelligence},
  author = {Hewitt, Carl and Bishop, Peter and Steiger, Richard},
  year = 1973,
  booktitle = {Proceedings of the 3rd International Joint Conference on Artificial Intelligence},
  series = {IJCAI'73},
  pages = {235--245},
  url = {https://dl.acm.org/doi/10.5555/1624775.1624804}
}

@techreport{Bentley1975,
  title = {A Survey of Techniques for Fixed Radius Near Neighbor Searching},
  author = {Jon Louis Bentley},
  year = 1975,
  institution = {Stanford University}
}

@article{Hewitt1977a,
  title = {Viewing control structures as patterns of passing messages},
  author = {Hewitt, Carl},
  year = 1977,
  journal = {Artificial Intelligence},
  volume = 8,
  number = 3,
  pages = {323--364},
  doi = {10.1016/0004-3702(77)90033-9}
}

@techreport{Hewitt1977b,
  title = {Laws for communicating parallel processes},
  author = {Hewitt, Carl and Baker, Henry},
  year = 1977,
  url = {http://hdl.handle.net/1721.1/41962},
  institution = {MIT Artificial Intelligence Laboratory},
  type = {Working paper}
}

@phdthesis{Clinger1981,
  title = {Foundations of actor semantics},
  author = {Clinger, William},
  year = 1981,
  url = {http://hdl.handle.net/1721.1/6935},
  school = {MIT}
}

@phdthesis{Agha1985,
  title = {Actors: A model of concurrent computation in distributed systems},
  author = {Agha, Gul},
  year = 1985,
  url = {http://hdl.handle.net/1721.1/6952},
  school = {MIT}
}

@techreport{Omohundro1989,
  title = {Five Balltree Construction Algorithms},
  author = {Stephen M. Omohundro},
  year = 1989,
  institution = {International Computer Science Institute}
}

@article{Valiant1990,
  title = {A Bridging Model for Parallel Computation},
  author = {Valiant, Leslie G.},
  year = 1990,
  journal = {Communications of the ACM},
  volume = 33,
  number = 8,
  doi = {10.1145/79173.79181}
}

@inproceedings{Brin1995,
  title = {Near Neighbor Search in Large Metric Spaces},
  author = {Sergey Brin},
  year = 1995,
  booktitle = {Proceedings of the 21th International Conference on Very Large Data Bases},
  series = {VLDB '95},
  pages = {574--584}
}

@book{Gamma1995,
  title = {Design patterns: Elements of reusable object-oriented software},
  author = {Gamma, Erich and Helm, Richard and Johnson, Ralph and Vlissides, John},
  year = 1995,
  publisher = {Addison-Wesley}
}

@misc{Lavender1996,
  title = {Active Object -- An Object Behavioral Pattern for Concurrent Programming},
  author = {R. Greg Lavender and Douglas C. Schmidt},
  year = 1996,
  note = {\url{https://csis.pace.edu/~marchese/CS865/Papers/Act-Obj.pdf}}
}

@article{Agha1997,
  title = {A foundation for actor computation},
  author = {Agha, Gul and Mason, Ian and Smith, Scott and Talcott, Carolyn},
  year = 1997,
  journal = {Journal of Functional Programming},
  volume = 7,
  number = 1,
  doi = {10.1017/S095679689700261X}
}

@article{Karypis1998,
  title = {A Fast and High Quality Multilevel Scheme for Partitioning Irregular Graphs},
  author = {George Karypis and Vipin Kumar},
  year = 1998,
  journal = {SIAM J. Sci. Comput.},
  volume = 20,
  doi = {10.1137/S1064827595287997},
  issue = 1
}

@article{Watts1998,
  title = {Collective dynamics of `small-world' networks},
  author = {Watts, Duncan J and Strogatz, Steven H},
  year = 1998,
  journal = {Nature},
  volume = 393,
  number = 6684,
  pages = {440--442}
}

@article{Barabasi1999,
  title = {Emergence of scaling in random networks},
  author = {Barab\`{a}si, Albert-L\`{a}szl\`{o} and Albert, R\`{e}ka},
  year = 1999,
  journal = {Science},
  volume = 286,
  number = 5439,
  pages = {509--512},
  doi = {10.1126/science.286.5439.509}
}

@article{Kschischang2001,
  title = {Factor graphs and the sum-product algorithm},
  author = {Frank R. Kschischang and Brendan J. Frey and  Hans A. Loeliger},
  year = 2001,
  journal = {{IEEE} Trans. Inf. Theory},
  volume = 47,
  doi = {10.1109/18.910572},
  issue = 2
}

@article{Riolo2001,
  title = {Methods and measures for the description of epidemiologic contact networks},
  author = {Christopher S. Riolo and James S. Koopman and Stephen E. Chick},
  year = 2001,
  journal = {J. Urban Health},
  volume = 78,
  doi = {10.1093/jurban/78.3.446},
  issue = 3
}

@article{Moody2002,
  title = {The Importance of Relationship Timing for Diffusion},
  author = {James Moody},
  year = 2002,
  journal = {Soc. Forces.},
  volume = 81,
  issue = 1
}

@article{Dall2002,
  title = {Random geometric graphs},
  author = {Jesper Dall and Michael Christensen},
  year = 2002,
  journal = {Phys. Rev. E},
  volume = 66,
  doi = {10.1103/PhysRevE.66.016121},
  issue = 1
}

@article{Holme2002,
  title = {Growing scale-free networks with tunable clustering},
  author = {Petter Holme and Beom Jun Kim},
  year = 2002,
  journal = {Phys. Rev. E},
  volume = 65,
  doi = {10.1103/PhysRevE.65.026107},
  issue = 2
}

@inproceedings{Kim2003,
  title = {Generating random regular graphs},
  author = {Kim, Jeong Han and Vu, Van H.},
  year = 2003,
  booktitle = {Proceedings of the Thirty-Fifth Annual ACM Symposium on Theory of Computing},
  publisher = {Association for Computing Machinery},
  series = {STOC '03},
  pages = {213--222},
  doi = {10.1145/780542.780576}
}

@book{Sickle2004,
  title = {Basic {GIS} coordinates},
  author = {Jan Van Sickle},
  year = 2004,
  publisher = {CRC Press}
}

@incollection{Bishop2006,
  title = {Pattern Recognition and Machine Learning},
  author = {Christopher M. Bishop},
  year = 2006,
  booktitle = {Inf. Sci. Stat.},
  publisher = {Springer},
  editor = {M. I. Jordan and Robert Nowak and Bernhard Schoelkopf}
}

@article{Zhou2007,
  title = {Bipartite network projection and personal recommendation},
  author = {Zhou, Tao and Ren, Jie and Medo, Mat\'u\ifmmode \check{s}\else \v{s}\fi{} and Zhang, Yi-Cheng},
  year = 2007,
  journal = {Phys. Rev. E},
  volume = 76,
  issue = 4
}

@inproceedings{Kibriya2007,
  title = {An Empirical Comparison of Exact Nearest Neighbour Algorithms},
  author = {Kibriya, Ashraf M. and Frank, Eibe},
  year = 2007,
  booktitle = {Knowledge Discovery in Databases: PKDD 2007},
  pages = {140--151}
}

@article{Lancichinetti2008,
  title = {Benchmark graphs for testing community detection algorithms},
  author = {Andrea Lancichinetti and Santo Fortunato and Filippo Radicchi},
  year = 2008,
  journal = {Phys. Rev. E},
  volume = 78,
  doi = {10.1103/PhysRevE.78.046110},
  issue = 4
}

@inproceedings{Karmani2009,
  title = {Actor frameworks for the {JVM} platform: a comparative analysis},
  author = {Karmani, Rajesh and Shali, Amin and Agha, Gul},
  year = 2009,
  booktitle = {Proceedings of the 7th International Conference on Principles and Practice of Programming in Java},
  series = {PPPJ '09},
  pages = {11--20},
  doi = {10.1145/1596655.1596658}
}

@article{Karrer2010,
  title = {Message passing approach for general epidemic models},
  author = {Karrer, Brian and Newman, M. E. J.},
  year = 2010,
  journal = {Phys. Rev. E},
  volume = 82,
  doi = {10.1103/PhysRevE.82.016101},
  issue = 1
}

@article{Fortunato2010,
  title = {Community detection in graphs},
  author = {Santo Fortunato},
  year = 2010,
  journal = {Phys. Rep.},
  volume = 486,
  doi = {10.1016/j.physrep.2009.11.002},
  issue = {3--5}
}

@article{Lane2010,
  title = {A survey of mobile phone sensing},
  author = {Lane, Nicholas D. and Miluzzo, Emiliano and Lu, Hong and Peebles, Daniel and Choudhury, Tanzeem and Campbell, Andrew T.},
  year = 2010,
  journal = {IEEE Commun. Mag.},
  volume = 48,
  number = 9,
  pages = {140--150},
  doi = {10.1109/MCOM.2010.5560598}
}

@inproceedings{Malewicz2010,
  title = {Pregel: A System for Large-Scale Graph Processing},
  author = {Malewicz, Grzegorz and Austern, Matthew H and Bik, Aart J C and Dehnert, James C and Horn, Ilan and Leiser, Naty and Czajkowski, Grzegorz},
  year = 2010,
  booktitle = {Proceedings of the 2010 ACM SIGMOD International Conference on Management of data},
  publisher = {ACM},
  pages = {135--146}
}

@article{Danon2011,
  title = {Networks and the Epidemiology of Infectious Disease},
  author = {Leon Danon and Ashley P. Ford and Thomas House and Chris P. Jewell and Gareth O. Roberts and Joshua V. Ross and Matthew C. Vernon},
  year = 2011,
  journal = {Interdiscip. Perspect. Infect. Dis.},
  volume = 2011,
  doi = {10.1155/2011/284909}
}

@article{Ganti2011,
  title = {Mobile crowdsensing: current state and future challenges},
  author = {Ganti, Raghu K. and Ye, Fan and Lei, Hui},
  year = 2011,
  journal = {IEEE Commun. Mag.},
  volume = 49,
  number = 11,
  pages = {32--39},
  doi = {10.1109/MCOM.2011.6069707}
}

@article{Holme2012,
  title = {Temporal networks},
  author = {Petter Holme and Jari Saram\"{a}ki},
  year = 2012,
  journal = {Phys. Rep.},
  volume = 519,
  doi = {10.1016/j.physrep.2012.03.001},
  issue = 3
}

@article{Sjoberg2012,
  title = {Solving the Direct and Inverse Geodetic Problems on the Ellipsoid by Numerical Integration},
  author = {Lars E. Sj\"{o}berg and Masoud Shirazian},
  year = 2012,
  journal = {Journel of Surveying Engineering},
  volume = 138,
  pages = {1--36},
  issue = 1
}

@misc{Narayanan2012,
  title = {A Critical Look at Decentralized Personal Data Architectures},
  author = {Narayanan, Arvind and Toubiana, Vincent and Barocas, Solon and Nissenbaum, Helen and Boneh, Dan},
  year = 2012,
  doi = {10.48550/arXiv.1202.4503},
  eprint = {1202.4503},
  archiveprefix = {arXiv},
  primaryclass = {cs.CY}
}

@incollection{Barrat2013,
  title = {Temporal Networks of Face-to-Face Human Interactions},
  author = {Alain Barrat and Ciro Cattuto},
  year = 2013,
  booktitle = {Temporal Netw.},
  publisher = {Springer},
  series = {Underst. Complex Syst.},
  doi = {10.1007/978-3-642-36461-7\_10},
  editor = {Petter Holme and Jari Saram{\"a}ki}
}

@book{Brummelen2013,
  title = {Heavenly Mathematics: The Forgotten Art of Spherical Trigonometry},
  author = {Glen Van Brummelen},
  year = 2013,
  publisher = {Princeton University Press}
}

@article{Lokhov2014,
  title = {Inferring the origin of an epidemic with a dynamic message-passing algorithm},
  author = {Andrey Y. Lokhov and Marc M\'{e}zard and Hiroki Ohta and Lenka Zdeborov\'{a}},
  year = 2014,
  journal = {Phys. Rev. E},
  volume = 90,
  doi = {10.1103/PhysRevE.90.012801},
  issue = 1
}

@article{Fournet2014,
  title = {Contact Patterns among High School Students},
  author = {Julie Fournet and Alain Barrat},
  year = 2014,
  journal = {PLoS ONE},
  volume = 9,
  doi = {10.1371/journal.pone.0107878},
  issue = 9
}

@book{Lu2014,
  title = {Geodesy: Introduction to Geodetic Datum and Geodetic Systems},
  author = {Zhiping Lu and Yunying Qu and Shubo Qiao},
  year = 2014,
  publisher = {Springer}
}

@article{Ma2014,
  title = {Opportunities in mobile crowd sensing},
  author = {Ma, Huadong and Zhao, Dong and Yuan, Peiyan},
  year = 2014,
  journal = {IEEE Commun. Mag.},
  volume = 52,
  number = 8,
  pages = {29--35},
  doi = {10.1109/MCOM.2014.6871666},
  keyword = {crowdsensing}
}

@misc{Benet2014,
  title = {{IPFS} - Content Addressed, Versioned, {P2P} File System},
  author = {Benet, Juan},
  year = 2014,
  doi = {10.48550/arXiv.1407.3561},
  eprint = {1407.3561},
  archiveprefix = {arXiv},
  primaryclass = {cs.NI}
}

@article{Holme2015,
  title = {Modern temporal network theory: a colloquium},
  author = {Petter Holme},
  year = 2015,
  journal = {Eur. Phys. J. B},
  volume = 88,
  doi = {10.1140/epjb/e2015-60657-4},
  issue = 9
}

@article{Craft2015,
  title = {Infectious disease transmission and contact networks in wildlife and livestock},
  author = {Meggan E. Craft},
  year = 2015,
  journal = {Phil. Trans. R. Soc. B},
  volume = 370,
  doi = {10.1098/rstb.2014.0107},
  issue = 1669
}

@article{Pastor-Satorras2015,
  title = {Epidemic processes in complex networks},
  author = {Romualdo Pastor-Satorras and Claudio Castellano and Piet Van Mieghem and Alessandro Vespignani},
  year = 2015,
  journal = {Rev. of Mod. Phys.},
  volume = 87,
  doi = {10.1103/RevModPhys.87.925},
  issue = 3
}

@article{McCune2015,
  title = {Thinking Like a Vertex: A Survey of Vertex-Centric Frameworks for Large-Scale Distributed Graph Processing},
  author = {Robert McCune and Tim Weninger and Greg Madey},
  year = 2015,
  journal = {ACM Comput. Surveys},
  volume = 48,
  doi = {10.1145/2818185},
  issue = 2
}

@article{Guo2015,
  title = {Mobile Crowd Sensing and Computing: The Review of an Emerging Human-Powered Sensing Paradigm},
  author = {Guo, Bin and Wang, Zhu and Yu, Zhiwen and Wang, Yu and Yen, Neil Y. and Huang, Runhe and Zhou, Xingshe},
  year = 2015,
  journal = {ACM Comput. Surv.},
  volume = 48,
  number = 1,
  pages = {1--31},
  doi = {10.1145/2794400}
}

@incollection{Buluc2016,
  title = {Recent Advances in Graph Partitioning},
  author = {Ayd{\i}n Bulu\c{c} and Henning Meyerhenke and Ilya Safro and Peter Sanders and Christian Schulz},
  year = 2016,
  booktitle = {Algorithm Eng.: Sel. Results Surveys},
  publisher = {Springer},
  doi = {10.1007/978-3-319-49487-6\_4},
  editor = {Lasse Kliemann and Peter Sanders}
}

@inproceedings{De_Koster2016,
  title = {43 years of actors: a taxonomy of actor models and their key properties},
  author = {De Koster, Joeri and Van Cutsem, Tom and De Meuter, Wolfgang},
  year = 2016,
  booktitle = {Proceedings of the 6th International Workshop on Programming Based on Actors, Agents, and Decentralized Control},
  series = {AGERE 2016},
  pages = {31--40},
  doi = {10.1145/3001886.3001890}
}

@article{Troncoso2017,
  title = {Systematizing Decentralization and Privacy: Lessons from 15 Years of Research and Deployments},
  author = {Troncoso, Carmela and Isaakidis, Marios and Danezis, George and Halpin, Harry},
  year = 2017,
  journal = {Proceedings on Privacy Enhancing Technologies},
  volume = 2017,
  number = 4,
  pages = {307--329},
  doi = {10.1515/popets-2017-0056}
}

@article{Genois2018,
  title = {Can co-location be used as a proxy for face-to-face contacts?},
  author = {Mathieu G{'e}nois and Alain Barrat},
  year = 2018,
  journal = {EPJ Data Sci.},
  volume = 7,
  doi = {10.1140/epjds/S13688-018-0140-1},
  issue = 1
}

@article{Koher2019,
  title = {Contact-based model for epidemic spreading on temporal networks},
  author = {Andreas Koher and Hartmut H. K. Lentz and James P. Gleeson and Philipp H\"{o}vel},
  year = 2019,
  journal = {Phys. Rev. X},
  volume = 9,
  doi = {10.1103/PhysRevX.9.031017},
  issue = 3
}

@article{Capponi2019,
  title = {A Survey on Mobile Crowdsensing Systems: Challenges, Solutions, and Opportunities},
  author = {Capponi, Andrea and Fiandrino, Claudio and Kantarci, Burak and Foschini, Luca and Kliazovich, Dzmitry and Bouvry, Pascal},
  year = 2019,
  journal = {IEEE Commun. Surv. Tut.},
  volume = 21,
  number = 3,
  pages = {2419--2465},
  doi = {10.1109/COMST.2019.2914030}
}

@misc{Briers2020,
  title = {Risk scoring calculation for the current {NHSx} contact tracing app},
  author = {Briers, Mark and Charalambides, Marcos and Holmes, Chris},
  year = 2020,
  doi = {10.48550/arXiv.2005.11057},
  eprint = {2005.11057},
  archiveprefix = {arXiv},
  primaryclass = {cs.CY}
}

@article{Menni2020,
  title = {Real-time tracking of self-reported symptoms to predict potential {COVID-19}},
  author = {Menni, Cristina and Valdes, Ana M and Freidin, Maxim B and Sudre, Carole H and Nguyen, Long H and Drew, David A and Ganesh, Sajaysurya and Varsavsky, Thomas and Cardoso, M Jorge and {El-Sayed Moustafa}, Julia S and Visconti, Alessia and Hysi, Pirro and Bowyer, Ruth C E and Mangino, Massimo and Falchi, Mario and Wolf, Jonathan and Ourselin, Sebastien and Chan, Andrew T and Steves, Claire J and Spector, Tim D},
  year = 2020,
  journal = {Nat. Med.},
  volume = 26,
  doi = {10.1038/s41591-020-0916-2},
  issue = 7
}

@article{Hamner2020,
  title = {High {SARS-CoV}-2 Attack Rate Following Exposure at a Choir Practice -- {Skagit County, Washington, March} 2020},
  author = {Hamner, Lea and Dubbel, Polly and Capron, Ian and Ross, Andy and Jordan, Amber and Lee, Jaxon and Lynn, Joanne and Ball, Amelia and Narwal, Simranjit and Russell, Sam and Patrick, Dale and Leibrand, Howard},
  year = 2020,
  journal = {MMWR Surveill. Summ.},
  volume = 69,
  doi = {10.15585/mmwr.mm6919e6},
  issue = 19
}

@techreport{Ayday2020,
  title = {ShareTrace: A Smart Privacy-Preserving Contact Tracing Solution by Architectural Design During an Epidemic},
  author = {Ayday, Erman and Collopy, Fred and Hwang, Taehyun and Parry, Glenn and Karell, Justo and Kingston, James and Ng, Irene and Owens, Aiden and Ray, Brian and Reynolds, Shirley and Tran, Jenny and Yeager, Shawn and Yoo, Youngjin and Young, Gretchen},
  year = 2020,
  url = {https://github.com/cwru-xlab/sharetrace-papers/blob/main/sharetace-whitepaper.pdf},
  institution = {Case Western Reserve University},
  type = {White paper}
}

@article{Michail2020,
  title = {JGraphT---A {Java} library for graph data structures and algorithms},
  author = {Michail, Dimitrios and Kinable, Joris and Naveh, Barak and Sichi, John V.},
  year = 2020,
  journal = {ACM Transactions on Mathematical Software},
  volume = 46,
  number = 2,
  pages = {1--29},
  doi = {10.1145/3381449}
}

@article{Zhu2020,
  title = {A Novel Coronavirus from Patients with Pneumonia in China, 2019},
  author = {Na Zhu  and Dingyu Zhang  and Wenling Wang  and Xingwang Li  and Bo Yang  and Jingdong Song  and Xiang Zhao  and Baoying Huang  and Weifeng Shi  and Roujian Lu  and Peihua Niu  and Faxian Zhan  and Xuejun Ma  and Dayan Wang  and Wenbo Xu  and Guizhen Wu  and George F. Gao  and Wenjie Tan},
  year = 2020,
  journal = {New England Journal of Medicine},
  volume = 382,
  number = 8,
  pages = {727--733},
  doi = {10.1056/NEJMoa2001017}
}

@article{Gorbalenya2020,
  title = {The species severe acute respiratory syndrome-related coronavirus: classifying {2019-nCoV} and naming it {SARS-CoV-2}},
  author = {Gorbalenya, Alexander E. and Baker, Susan C. and Baric, Ralph S. and de Groot, Raoul J. and Drosten, Christian and Gulyaeva, Anastasia A. and Haagmans, Bart L. and Lauber, Chris and Leontovich, Andrey M. and Neuman, Benjamin W. and Penzar, Dmitry and Perlman, Stanley and Poon, Leo L. M. and Samborskiy, Dmitry V. and Sidorov, Igor A. and Sola, Isabel and Ziebuhr, John and of Viruses, Coronaviridae Study Group of the International Committee on Taxonomy},
  year = 2020,
  journal = {Nature Microbiology},
  volume = 5,
  number = 4,
  pages = {536--544},
  doi = {10.1038/s41564-020-0695-z}
}

@inproceedings{Ayday2021,
  title = {{ShareTrace}: An Iterative Message Passing Algorithm for Efficient and Effective Disease Risk Assessment on an Interaction Graph},
  author = {Erman Ayday and Youngjin Yoo and Anisa Halimi},
  year = 2021,
  booktitle = {Proc. 12th ACM Con. Bioinformatics, Comput. Biology, Health Inform.},
  series = {BCB 2021}
}

@misc{CDC2021,
  title = {Quarantine and Isolation},
  author = {Centers for Disease Control and Prevention},
  year = 2021,
  note = {\url{https://www.cdc.gov/coronavirus/2019-ncov/your-health/quarantine-isolation.html}}
}

@article{Zino2021,
  title = {Analysis, Prediction, and Control of Epidemics: A Survey from Scalar to Dynamic Network Models},
  author = {Lorenzo Zino and Ming Cao},
  year = 2021,
  journal = {{IEEE} Circuits Syst. Mag.},
  volume = 21,
  doi = {10.1109/mcas.2021.3118100},
  issue = 4
}

@article{Li2021,
  title = {Impact of presymptomatic transmission on epidemic spreading in contact networks: A dynamic message-passing analysis},
  author = {Li, Bo and Saad, David},
  year = 2021,
  journal = {Phys. Rev. E},
  volume = 103,
  doi = {10.1103/PhysRevE.103.052303},
  issue = 5
}

@book{Preukschat2021,
  title = {Self-Sovereign Identity: Decentralized digital identity and verifiable credentials},
  author = {Preukschat, Alex and Reed, Drummond},
  year = 2021,
  publisher = {Manning}
}

@article{Singh2021,
  title = {How an outbreak became a pandemic: a chronological analysis of crucial junctures and international obligations in the early months of the {COVID-19} pandemic},
  author = {Singh, Sudhvir and McNab, Christine and Olson, Rose Mckeon and Bristol, Nellie and Nolan, Cody and Bergstr{\o}m, Elin and Bartos, Michael and Mabuchi, Shunsuke and Panjabi, Raj and Karan, Abraar and Abdalla, Salma M and Bonk, Mathias and Jamieson, Margaret and Werner, George K and Nordstr{\"o}m, Anders and Legido-Quigley, Helena and Phelan, Alexandra},
  year = 2021,
  journal = {Lancet},
  volume = 398,
  number = 10316,
  pages = {2109--2124}
}

@inproceedings{Trautwein2022,
  title = {Design and evaluation of {IPFS}: A storage layer for the decentralized web},
  author = {Trautwein, Dennis and Raman, Aravindh and Tyson, Gareth and Castro, Ignacio and Scott, Will and Schubotz, Moritz and Gipp, Bela and Psaras, Yiannis},
  year = 2022,
  booktitle = {Proceedings of the ACM SIGCOMM 2022 Conference},
  publisher = {Association for Computing Machinery},
  series = {SIGCOMM '22},
  pages = {739--752},
  doi = {10.1145/3544216.3544232}
}

@article{Leng2022,
  title = {The effect of notification window length on the epidemiological impact of {COVID-19} contact tracing mobile applications},
  author = {Leng, Trystan and Hill, Edward M. and Keeling, Matt J. and Tildesley, Michael J. and Thompson, Robin N.},
  year = 2022,
  journal = {Communications Medicine},
  volume = 2,
  number = 1,
  doi = {10.1038/s43856-022-00143-2}
}

@article{Raymenants2022,
  title = {Empirical evidence on the efficiency of backward contact tracing in {COVID-19}},
  author = {Raymenants, Joren and Geenen, Caspar and Thibaut, Jonathan and Nelissen, Klaas and Gorissen, Sarah and Andre, Emmanuel},
  year = 2022,
  journal = {Nature Communications},
  volume = 13,
  number = 1,
  doi = {10.1038/s41467-022-32531-6}
}

@book{Cormen2022,
  title = {Introduction to Algorithms},
  author = {Thomas H. Cormen and Charles E. Leiserson and Ronald L. Rivest and Clifford Stein},
  year = 2022,
  publisher = {The MIT Press},
  edition = {Fourth}
}

@misc{Tatton2022a,
  title = {ShareTrace: Contact Tracing with Asynchronous, Parallel Message Passing on a Temporal Graph},
  author = {Tatton, Ryan and Ayday, Erman and Yoo, Youngjin and Halimi, Anisa},
  year = 2022,
  eprint = {2203.12445},
  archiveprefix = {arXiv},
  primaryclass = {cs.DC}
}

@inproceedings{Tatton2022b,
  title = {ShareTrace: Contact Tracing with the Actor Model},
  author = {Tatton, Ryan and Ayday, Erman and Yoo, Youngjin and Halimi, Anisa},
  year = 2022,
  booktitle = {2022 IEEE International Conference on E-health Networking, Application \& Services (HealthCom)},
  pages = {13--18},
  doi = {10.1109/HealthCom54947.2022.9982762},
  note = {\copyright 2022 IEEE}
}

@article{Brandt2022,
  title = {The History of Contact Tracing and the Future of Public Health},
  author = {Brandt, Allan M.},
  year = 2022,
  journal = {American Journal of Public Health},
  volume = 112,
  number = 8,
  pages = {1097--1099},
  doi = {10.2105/AJPH.2022.306949}
}

@article{PozoMartin2023,
  title = {Comparative effectiveness of contact tracing interventions in the context of the {COVID-19} pandemic: a systematic review},
  author = {Pozo-Martin, Francisco and Beltran Sanchez, Miguel Angel and M{\"u}ller, Sophie Alice and Diaconu, Viorela and Weil, Kilian and El Bcheraoui, Charbel},
  year = 2023,
  journal = {European Journal of Epidemiology},
  volume = 38,
  number = 3,
  pages = {243--266},
  doi = {10.1007/s10654-023-00963-z}
}
