@inproceedings{Ayday2021,
  title = {{ShareTrace}: {A}n Iterative Message Passing Algorithm for Efficient and Effective Disease Risk Assessment on an Interaction Graph},
  author = {Erman Ayday and Youngjin Yoo and Anisa Halimi},
  year = 2021,
  booktitle = {{Proceedings of the 12th ACM Conference on Bioinformatics, Computational Biology, and Health Informatics}},
  doi = {10.1145/3459930.3469553}
}

@article{Cherini2023,
  title = {Toward Deep Digital Contact Tracing: {O}pportunities and Challenges},
  author = {Cherini, Renato and Detke, Ramiro and Fraire, Juan and Madoery, Pablo G. and Finochietto, Jorge M.},
  year = 2023,
  journal = {{IEEE Pervasive Computing}},
  volume = 22,
  number = 4,
  pages = {15--25},
  doi = {10.1109/mprv.2023.3320987}
}