@ARTICLE{Ahmed2020,
  author={Ahmed, Nadeem and Michelin, Regio A. and Xue, Wanli and Ruj, Sushmita and Malaney, Robert and Kanhere, Salil S. and Seneviratne, Aruna and Hu, Wen and Janicke, Helge and Jha, Sanjay K.},
  journal={IEEE Access}, 
  title={A Survey of COVID-19 Contact Tracing Apps}, 
  year={2020},
  volume={8},
  number={},
  pages={134577-134601},
  keywords={Servers;Security;Privacy;Computer architecture;Viruses (medical);Data privacy;Bluetooth;COVID-19;Contact tracing;privacy;security},
  doi={10.1109/ACCESS.2020.3010226}}

@inproceedings{Hewitt1973,
  title = {A universal modular ACTOR formalism for artificial intelligence},
  author = {Hewitt, Carl and Bishop, Peter and Steiger, Richard},
  year = 1973,
  booktitle = {Proceedings of the 3rd International Joint Conference on Artificial Intelligence},
  series = {IJCAI'73},
  pages = {235--245},
  url = {https://dl.acm.org/doi/10.5555/1624775.1624804}
}

@article{Hewitt1977a,
  title = {Viewing control structures as patterns of passing messages},
  author = {Hewitt, Carl},
  year = 1977,
  journal = {Artificial Intelligence},
  volume = 8,
  number = 3,
  pages = {323--364},
  doi = {10.1016/0004-3702(77)90033-9}
}

@techreport{Hewitt1977b,
  title = {Laws for communicating parallel processes},
  author = {Hewitt, Carl and Baker, Henry},
  year = 1977,
  url = {http://hdl.handle.net/1721.1/41962},
  institution = {MIT Artificial Intelligence Laboratory},
  type = {Working paper}
}

@phdthesis{Clinger1981,
  title = {Foundations of actor semantics},
  author = {Clinger, William},
  year = 1981,
  url = {http://hdl.handle.net/1721.1/6935},
  school = {MIT}
}

@phdthesis{Agha1985,
  title = {Actors: A model of concurrent computation in distributed systems},
  author = {Agha, Gul},
  year = 1985,
  url = {http://hdl.handle.net/1721.1/6952},
  school = {MIT}
}

@article{Agha1997,
  title = {A foundation for actor computation},
  author = {Agha, Gul and Mason, Ian and Smith, Scott and Talcott, Carolyn},
  year = 1997,
  journal = {Journal of Functional Programming},
  volume = 7,
  number = 1,
  doi = {10.1017/S095679689700261X}
}

@article{Armbruster2017,
author = {Benjamin Armbruster and Li Wang and Martina Morris},
year = {2017},
title = {Forward reachable sets: Analytically derived properties of connected components for dynamic networks},
journal = {Network Science},
volume = {5},
number = {3},
pages = {328--354},
doi = {10.1017/nws.2017.10},
keywords= {temporal-network}
}

@inproceedings{De_Koster2016,
  title = {43 years of actors: a taxonomy of actor models and their key properties},
  author = {De Koster, Joeri and Van Cutsem, Tom and De Meuter, Wolfgang},
  year = 2016,
  booktitle = {Proceedings of the 6th International Workshop on Programming Based on Actors, Agents, and Decentralized Control},
  series = {AGERE 2016},
  pages = {31--40},
  doi = {10.1145/3001886.3001890}
}

@inproceedings{Karmani2009,
  title = {Actor frameworks for the {JVM} platform: a comparative analysis},
  author = {Karmani, Rajesh and Shali, Amin and Agha, Gul},
  year = 2009,
  booktitle = {Proceedings of the 7th International Conference on Principles and Practice of Programming in Java},
  series = {PPPJ '09},
  pages = {11--20},
  doi = {10.1145/1596655.1596658}
}

@article{Backlund2014,
author = {Backlund, Ville-Pekka and Saram{\"a}ki, Jari and Pan, Raj Kumar},
year = {2014},
title = {Effects of temporal correlations on cascades: Threshold models on temporal networks},
journal = {Phys. Rev. E},
volume = {89},
number = {6},
pages = {062815},
doi = {10.1103/PhysRevE.89.062815},
keywords= {temporal-network}
}
@article{Menger1927,
author = {Karl Menger},
year = {1927},
title = {Zur allgemeinen Kurventheorie},
journal = {Fund. Math.},
volume = {10},
pages = {96--115},
doi = {10.4064/fm-10-1-96-115},
keywords= {temporal-network}
}
@article{Bansal2010,
author = {Shweta Bansal and Jonathan Read and Babak Pourbohloul and Lauren Ancel Meyers},
year = {2010},
title = {The dynamic nature of contact networks in infectious disease epidemiology},
journal = {J. Biol. Dyn.},
volume = {4},
number = {5},
pages = {478--489},
doi = {10.1080/17513758.2010.503376},
keywords= {temporal-network}
}
@article{Barrat2013,
author = {Barrat, Alain and Cattuto, Ciro and Colizza, Vittoria and Gesualdo, Francesco and Isella, Lorenzo and Pandolfi, Elisabetta and Pinton, Jean-Fran\c{c}ois and Rav{\'a}, Lucilla and Rizzo, Caterina and Romano, Mariateresa and Stehl{\'e}, Juliette and Tozzi, Alberto E. and {Van den Broeck}, Wouter},
year = {2013},
title = {Empirical temporal networks of face-to-face human interactions},
journal = {Eur. Phys. J. Spec. Top.},
volume = {222},
number = {6},
pages = {1295--1309},
doi = {10.1140/epjst/e2013-01927-7},
keywords= {temporal-network}
}
@article{Barrat2014,
author = {Barrat, Alain and Cattuto, Ciro and Tozzi, Alberto. E. and Vanhems, Philippe and Voirin, Nicolas},
year = {2014},
title = {Measuring contact patterns with wearable sensors: methods, data characteristics and applications to data-driven simulations of infectious diseases},
journal = {Clin. Microbiol. Infect.},
volume = {20},
number = {1},
pages = {10--16},
doi = {10.1111/1469-0691.12472},
keywords= {temporal-network}
}
@article{Barrat2021,
author = {Alain Barrat and Ciro Cattuto and Mikko Kivel{\"a} and Sune Lehmann and Jari Saram{\"a}ki},
year = {2021},
title = {Effect of manual and digital contact tracing on {COVID-19} outbreaks: a study on empirical contact data},
journal = {J. R. Soc. Interface},
volume = {18},
number = {178},
pages = {20201000},
doi = {10.1098/rsif.2020.1000},
keywords= {temporal-network}
}
@article{Batagelj2016,
author = {Batagelj, Vladimir and Praprotnik, Selena},
year = {2016},
title = {An algebraic approach to temporal network analysis based on temporal quantities},
journal = {Soc. Netw. Anal. Min.},
volume = {6},
number = {1},
pages = {28},
doi = {10.1007/s13278-016-0330-4},
keywords= {temporal-network}
}
@inproceedings{Bayhan2015,
author = {Bayhan, Suzan and Hyyti{\"a}, Esa and Kangasharju, Jussi and Ott, J{\"o}rg},
year = {2015},
title = {Analysis of hop limit in opportunistic networks by static and time-aggregated graphs},
booktitle = {2015 IEEE International Conference on Communications (ICC)},
pages = {3287--3292},
doi = {10.1109/icc.2015.7248831},
keywords= {temporal-network}
}
@article{Bianconi2021,
author = {Bianconi, Ginestra and Sun, Hanlin and Rapisardi, Giacomo and Arenas, Alex},
year = {2021},
title = {Message-passing approach to epidemic tracing and mitigation with apps},
journal = {Phys. Rev. Research},
volume = {3},
number = {1},
pages = {L012014},
doi = {10.1103/PhysRevResearch.3.L012014},
keywords= {temporal-network}
}
@article{Bioglio2016,
author = {Bioglio, Livio and G{\'e}nois, Mathieu and Vestergaard, Christian L. and Poletto, Chiara and Barrat, Alain and Colizza, Vittoria},
year = {2016},
title = {Recalibrating disease parameters for increasing realism in modeling epidemics in closed settings},
journal = {BMC Infect. Dis.},
volume = {14},
number = {1},
pages = {676},
doi = {10.1186/s12879-016-2003-3},
keywords= {temporal-network}
}
@inbook{Caceres2013,
author = {Caceres, Rajmonda Sulo and Berger-Wolf, Tanya},
year = {2013},
title = {Temporal Scale of Dynamic Networks},
booktitle = {Temporal Networks},
publisher = {Springer},
address = {Berlin, Heidelberg},
pages = {65--94},
doi = {10.1007/978-3-642-36461-7_4},
editor = {Holme, Petter and Saram{\"a}ki, Jari},
keywords= {temporal-network}
}
@article{Cardillo2014,
author = {Cardillo, Alessio and Petri, Giovanni and Nicosia, Vincenzo and Sinatra, Roberta and G\'omez-Garde\~nes, Jes\'us and Latora, Vito},
year = {2014},
title = {Evolutionary dynamics of time-resolved social interactions},
journal = {Phys. Rev. E},
volume = {90},
number = {5},
pages = {052825},
doi = {10.1103/PhysRevE.90.052825},
keywords= {temporal-network}
}
@inproceedings{Casteigts2011,
author = {Casteigts, Arnaud and Flocchini, Paola and Quattrociocchi, Walter and Santoro, Nicola},
year = {2011},
title = {Time-Varying Graphs and Dynamic Networks},
booktitle = {Ad-hoc, Mobile, and Wireless Networks},
publisher = {Springer},
address = {Berlin, Heidelberg},
pages = {346--359},
editor = {Frey, Hannes and Li, Xu and Ruehrup, Stefan},
keywords= {temporal-network}
}
@article{Cattuto2010,
author = {Cattuto, Ciro and {Van den Broeck}, Wouter and Barrat, Alain and Colizza, Vittoria and Pinton, Jean-Fran\c{c}ois and Vespignani, Alessandro},
year = {2010},
title = {Dynamics of Person-to-Person Interactions from Distributed RFID Sensor Networks},
journal = {{PLoS ONE}},
volume = {5},
number = {7},
pages = {1--9},
doi = {10.1371/journal.pone.0011596},
keywords= {temporal-network}
}
@article{Cencetti2021,
author = {Cencetti, Giulia and Santin, Gabriele and Longa, Adrien and Pigani, Emanuele and Barrat, Alain and Cattuto, Ciro and Lehmann, Sune and Salath{\'e}, Marcel and Lepri, Bruno},
year = {2021},
title = {Digital proximity tracing on empirical contact networks for pandemic control},
journal = {Nat. Commun.},
volume = {12},
number = {1},
pages = {1655},
doi = {10.1038/s41467-021-21809-w},
keywords= {temporal-network}
}
@article{Cheng2003,
author = {Eddie Cheng and Jerrold W Grossman and Marc J. Lipman},
year = {2003},
title = {Time-stamped graphs and their associated influence digraphs},
journal = {Discrete Appl. Math.},
volume = {128},
number = {2},
pages = {317--335},
doi = {10.1016/s0166-218x(02)00497-3},
keywords= {temporal-network}
}
@article{Contreras2022,
author = {Contreras, Diego Andr{\'e}s and Colosi, Elisabetta and Bassignana, Giulia and Colizza, Vittoria and Barrat, Alain},
year = {2022},
title = {Impact of contact data resolution on the evaluation of interventions in mathematical models of infectious diseases},
journal = {J. R. Soc. Interface},
volume = {19},
number = {191},
pages = {20220164},
doi = {10.1098/rsif.2022.0164},
keywords= {temporal-network}
}
@article{Costa2007,
author = {Luciano da F. Costa and F. A. Rodrigues and Gonzalo Travieso and P. R. Villas Boas},
year = {2007},
title = {Characterization of complex networks: A survey of measurements},
journal = {Adv. Phys.},
volume = {56},
number = {1},
pages = {167--242},
doi = {10.1080/00018730601170527},
keywords= {temporal-network}
}
@inproceedings{Cui2013,
author = {Cui, Jing and Zhang, Yi-Qing and Li, Xiang},
year = {2013},
title = {On the clustering coefficients of temporal networks and epidemic dynamics},
booktitle = {2013 IEEE International Symposium on Circuits and Systems (ISCAS)},
pages = {2299--2302},
doi = {10.1109/iscas.2013.6572337},
keywords= {temporal-network}
}
@article{Delvenne2015,
author = {Delvenne, Jean-Charles and Lambiotte, Renaud and Rocha, Luis E. C.},
year = {2015},
title = {Diffusion on networked systems is a question of time or structure},
journal = {Nat. Commun.},
volume = {6},
number = {1},
pages = {7366},
doi = {10.1038/ncomms8366},
keywords= {temporal-network}
}
@article{Eagle2006,
author = {Nathan Eagle and Alex Pentland},
year = {2006},
title = {Reality mining: sensing complex social systems},
journal = {Pers. Ubiquit. Comput.},
volume = {10},
number = {4},
pages = {255--268},
doi = {10.1007/s00779-005-0046-3},
keywords= {temporal-network}
}
@article{Epstein2011,
author = {Epstein, Helen and Morris, Martina},
year = {2011},
title = {Concurrent partnerships and {HIV}: an inconvenient truth},
journal = {J. Int. {AIDS} Soc.},
volume = {14},
number = {1},
pages = {14},
doi = {10.1186/1758-2652-14-13},
keywords= {temporal-network}
}
@inproceedings{Fischer2019,
author = {Fischer, Emily M. and Ghosh, Souvik and Samorodnitsky, Gennady},
year = {2019},
title = {Epidemic Threshold and Lifetime Distribution for Information Diffusion on Simultaneously Growing Networks},
booktitle = {Proceedings of the 2019 IEEE/ACM International Conference on Advances in Social Networks Analysis and Mining},
publisher = {Acm},
address = {New York, NY, USA},
series = {Asonam '19},
pages = {242--249},
doi = {10.1145/3341161.3342891},
keywords= {temporal-network}
}
@article{Fournet2014,
author = {Fournet, Julie AND Barrat, Alain},
year = {2014},
title = {Contact Patterns among High School Students},
journal = {{PLoS ONE}},
volume = {9},
number = {9},
pages = {1--17},
doi = {10.1371/journal.pone.0107878},
keywords= {temporal-network}
}
@article{Fournet2017,
author = {Fournet, Julie and Barrat, Alain},
year = {2017},
title = {Estimating the epidemic risk using non-uniformly sampled contact data},
journal = {Sci. Rep.},
volume = {7},
number = {1},
pages = {9975},
doi = {10.1038/s41598-017-10340-y},
keywords= {temporal-network}
}
@article{Gauvin2013,
author = {Gauvin, Laetitia and Panisson, Andr{\'e} and Cattuto, Ciro and Barrat, Alain},
year = {2013},
title = {Activity clocks: spreading dynamics on temporal networks of human contact},
journal = {Sci. Rep.},
volume = {3},
number = {1},
pages = {3099},
doi = {10.1038/srep03099},
keywords= {temporal-network}
}
@unpublished{Gauvin2021,
author = {Gauvin, Laetitia and G{\'e}nois, Mathieu and Karsai, Marton and Kivel{\"a}, Mikko and Takaguchi, Taro and Valdano, Eugenio and Vestergaard, Christian L.},
year = {2021},
title = {Randomized reference models for temporal networks},
url = {https://hal.archives-ouvertes.fr/hal-01817633},
keywords= {temporal-network}
}
@article{Gemmetto2014,
author = {Gemmetto, Valerio and Barrat, Alain and Cattuto, Ciro},
year = {2014},
title = {Mitigation of infectious disease at school: targeted class closure vs school closure},
journal = {BMC Infect. Dis.},
volume = {14},
number = {1},
pages = {695},
doi = {10.1186/s12879-014-0695-9},
keywords= {temporal-network}
}
@article{Genois2015a,
author = {G{\'e}nois, Mathieu and Vestergaard, Christian L. and Fournet, Julie and Panisson, Andr{\'e} and Bonmarin, Isabelle and Barrat, Alain},
year = {2015},
title = {Data on face-to-face contacts in an office building suggest a low-cost vaccination strategy based on community linkers},
journal = {Network Science},
volume = {3},
number = {3},
pages = {326--47},
doi = {10.1017/nws.2015.10},
keywords= {temporal-network}
}
@article{Genois2015b,
author = {G{\'e}nois, Mathieu and Vestergaard, Christian L. and Cattuto, Ciro and Barrat, Alain},
year = {2015},
title = {Compensating for population sampling in simulations of epidemic spread on temporal contact networks},
journal = {Nat. Commun.},
volume = {6},
number = {1},
pages = {8860},
doi = {10.1038/ncomms9860},
keywords= {temporal-network}
}
@article{Genois2018,
author = {G{\'e}nois, Mathieu and Barrat, Alain},
year = {2018},
title = {Can co-location be used as a proxy for face-to-face contacts?},
journal = {EPJ Data Sci.},
volume = {7},
number = {1},
pages = {11},
doi = {10.1140/epjds/s13688-018-0140-1},
keywords= {temporal-network}
}
@article{Goh2008,
author = {Kwang-Il Goh and Albert-L{\'a}szl{\'o} Barab{\'a}si},
year = {2008},
title = {Burstiness and memory in complex systems},
journal = {Europhys. Lett.},
volume = {81},
number = {4},
pages = {48002},
doi = {10.1209/0295-5075/81/48002},
keywords= {temporal-network}
}
@article{Han2015,
author = {Dun Han and Mei Sun and Dandan Li},
year = {2015},
title = {Epidemic process on activity-driven modular networks},
journal = {Physica A: Stat. Mech. Appl.},
volume = {432},
pages = {354--362},
doi = {10.1016/j.physa.2015.03.062},
keywords= {temporal-network}
}
@article{Holme2003,
author = {Petter Holme},
year = {2003},
title = {Network dynamics of ongoing social relationships},
journal = {Europhys. Lett.},
volume = {64},
number = {3},
pages = {427--433},
doi = {10.1209/epl/i2003-00505-4},
keywords= {temporal-network}
}
@article{Holme2004,
author = {Petter Holme and Christofer R. Edling and Fredrik Liljeros},
year = {2004},
title = {Structure and time evolution of an Internet dating community},
journal = {Soc. Networks},
volume = {26},
number = {2},
pages = {155--174},
doi = {10.1016/j.socnet.2004.01.007},
keywords= {temporal-network}
}
@article{Holme2005,
author = {Petter Holme},
year = {2005},
title = {Network reachability of real-world contact sequences},
journal = {Phys. Rev. E},
volume = {71},
number = {4},
pages = {046119},
doi = {10.1103/PhysRevE.71.046119},
keywords= {temporal-network}
}
@article{Holme2012,
author = {Petter Holme and Jari Saram{\"a}ki},
year = {2012},
title = {Temporal networks},
journal = {Phys. Rep.},
volume = {519},
number = {3},
pages = {97--125},
doi = {10.1016/j.physrep.2012.03.001},
keywords= {temporal-network}
}
@article{Holme2013,
author = {Petter Holme},
year = {2013},
title = {Epidemiologically Optimal Static Networks from Temporal Network Data},
journal = {{PLoS} Comput. Biol.},
volume = {9},
number = {7},
pages = {e1003142},
doi = {10.1371/journal.pcbi.1003142},
keywords= {temporal-network}
}
@article{Holme2014,
author = {Petter Holme and Fredrik Liljeros},
year = {2014},
title = {Birth and death of links control disease spreading in empirical contact networks},
journal = {Sci. Rep.},
volume = {4},
number = {1},
pages = {4999},
doi = {10.1038/srep04999},
keywords= {temporal-network}
}
@article{Holme2015a,
author = {Petter Holme},
year = {2015},
title = {Information content of contact-pattern representations and predictability of epidemic outbreaks},
journal = {Sci. Rep.},
volume = {5},
number = {1},
pages = {214462},
doi = {10.1038/srep14462},
keywords= {temporal-network}
}
@article{Holme2015b,
author = {Petter Holme},
year = {2015},
title = {Modern temporal network theory: a colloquium},
journal = {Eur. Phys. J. B},
volume = {88},
number = {9},
pages = {234},
doi = {10.1140/epjb/e2015-60657-4},
keywords= {temporal-network}
}
@article{Holme2016,
author = {Holme, Petter},
year = {2016},
title = {Temporal network structures controlling disease spreading},
journal = {Phys. Rev. E},
volume = {94},
number = {2},
pages = {022305},
doi = {10.1103/PhysRevE.94.022305},
keywords= {temporal-network}
}
@article{Horvath2014,
author = {D{\'a}vid X Horv{\'a}th and J{\'a}nos Kert{\'e}sz},
year = {2014},
title = {Spreading dynamics on networks: the role of burstiness, topology and non-stationarity},
journal = {New J. Phys.},
volume = {16},
number = {7},
pages = {073037},
doi = {10.1088/1367-2630/16/7/073037},
keywords= {temporal-network}
}
@article{Isella2011,
author = {Lorenzo Isella and Juliette Stehl{\'e} and Alain Barrat and Ciro Cattuto and Jean-Fran\c{c}ois Pinton and Wouter {Van den Broeck}},
year = {2011},
title = {What's in a crowd? Analysis of face-to-face behavioral networks},
journal = {J. Theor. Bio.},
volume = {271},
number = {1},
pages = {166--180},
doi = {10.1016/j.jtbi.2010.11.033},
keywords= {temporal-network}
}
@article{Karasai2014,
author = {Karsai, M{\'a}rton and Perra, Nicola and Vespignani, Alessandro},
year = {2014},
title = {Time varying networks and the weakness of strong ties},
journal = {Sci. Rep.},
volume = {4},
number = {1},
pages = {4001},
doi = {10.1038/srep04001},
keywords= {temporal-network}
}
@article{Karrer2010,
author = {Karrer, Brian and Newman, M. E. J.},
year = {2010},
title = {Message passing approach for general epidemic models},
journal = {Phys. Rev. E},
volume = {82},
number = {1},
pages = {016101},
doi = {10.1103/PhysRevE.82.016101},
keywords= {temporal-network}
}
@article{Karsai2011,
author = {Marton Karsai and Mikko Kivel{\"a} and Raj Kumar Pan and Kimmo Kaski and J{\'a}nos Kert{\'e}sz and Albert-L{\'a}szl{\'o} Barab{\'a}si and Jari Saram{\"a}ki},
year = {2011},
title = {Small but slow world: How network topology and burstiness slow down spreading},
journal = {Phys. Rev. E},
volume = {83},
number = {2},
pages = {025102},
doi = {10.1103/PhysRevE.83.025102},
keywords= {temporal-network}
}
@article{Karsai2012a,
author = {M{\'a}rton Karsai and Kimmo Kaski and Albert-L{\'a}szl{\'o} Barab{\'a}si and J{\'a}nos Kert{\'e}sz},
year = {2012},
title = {Universal features of correlated bursty behaviour},
journal = {Sci. Rep.},
volume = {2},
number = {1},
pages = {397},
doi = {10.1038/srep00397},
keywords= {temporal-network}
}
@article{Karsai2012b,
author = {M{\'a}rton Karsai and J{\'a}nos Kert{\'e}sz},
year = {2012},
title = {Correlated Dynamics in Egocentric Communication Networks},
journal = {{PLoS ONE}},
volume = {7},
number = {7},
pages = {e40612},
doi = {10.1371/journal.pone.0040612},
keywords= {temporal-network}
}
@article{Keeling2005,
author = {Matt J. Keeling and Ken T.D. Eames},
year = {2005},
title = {Networks and epidemic models},
journal = {J. R. Soc. Interface},
volume = {2},
number = {4},
pages = {295--307},
doi = {10.1098/rsif.2005.0051},
keywords= {temporal-network}
}
@article{Kempe2002,
author = {David Kempe and Jon Kleinberg and Amit Kumar},
year = {2002},
title = {Connectivity and Inference Problems for Temporal Networks},
journal = {J. Comput. Sys. Sci.},
volume = {64},
number = {4},
pages = {820--842},
doi = {10.1006/jcss.2002.1829},
keywords= {temporal-network}
}
@article{Kibanov2014,
author = {Kibanov, Mark and Atzmueller, Martin and Scholz, Christoph and Stumme, Gerd},
year = {2014},
title = {Temporal evolution of contacts and communities in networks of face-to-face human interactions},
journal = {Sci. China Info. Sci.},
volume = {57},
number = {3},
pages = {1--17},
doi = {10.1007/s11432-014-5067-y},
keywords= {temporal-network}
}
@article{Kivel2012,
author = {Mikko Kivel{\"a} and Raj Kumar Pan and Kimmo Kaski and J{\'a}nos Kert{\'e}sz and Jari Saram{\"a}ki and M{\'a}rton Karsai},
year = {2012},
title = {Multiscale analysis of spreading in a large communication network},
journal = {J. Stat. Mech: Theory Exp.},
volume = {2012},
number = {3},
pages = {P03005},
doi = {10.1088/1742-5468/2012/03/p03005},
keywords= {temporal-network}
}
@article{Kivela2015,
author = {Kivel{\"a}, Mikko and Porter, Mason A.},
year = {2015},
title = {Estimating interevent time distributions from finite observation periods in communication networks},
journal = {Phys. Rev. E},
volume = {92},
number = {5},
pages = {052813},
doi = {10.1103/PhysRevE.92.052813},
keywords= {temporal-network}
}
@inbook{Koher2019a,
author = {Koher, Andreas and Gleeson, James P. and H{\"o}vel, Philipp},
year = {2019},
title = {Spreading of Infection on Temporal Networks: An Edge-Centered Perspective},
booktitle = {Temporal Network Theory},
publisher = {Springer International Publishing},
address = {Cham, Switzerland},
pages = {235--252},
doi = {10.1007/978-3-030-23495-9_13},
editor = {Holme, Petter and Saram{\"a}ki, Jari},
keywords= {temporal-network}
}
@article{Koher2019b,
author = {Koher, Andreas and Lentz, Hartmut H. K. and Gleeson, James P. and H{\"o}vel, Philipp},
year = {2019},
title = {Contact-Based Model for Epidemic Spreading on Temporal Networks},
journal = {Phys. Rev. X},
volume = {9},
number = {3},
pages = {031017},
doi = {10.1103/PhysRevX.9.031017},
keywords= {temporal-network}
}
@article{Kretzschmar1996,
author = {Mirjam Kretzschmar and Martina Morris},
year = {1996},
title = {Measures of concurrency in networks and the spread of infectious disease},
journal = {Math. Biosci.},
volume = {133},
number = {2},
pages = {165--195},
doi = {10.1016/0025-5564(95)00093-3},
keywords= {temporal-network}
}
@article{Lee2019a,
author = {Lee, Eun and Emmons, Scott and Gibson, Ryan and Moody, James and Mucha, Peter J.},
year = {2019},
title = {Concurrency and reachability in treelike temporal networks},
journal = {Phys. Rev. E},
volume = {100},
number = {6},
pages = {062305},
doi = {10.1103/PhysRevE.100.062305},
keywords= {temporal-network}
}
@inbook{Lee2019b,
author = {Eun Lee and James Moody and Peter J. Mucha},
year = {2019},
title = {Exploring Concurrency and Reachability in the Presence of High Temporal Resolution},
booktitle = {Temporal Network Theory},
publisher = {Springer International Publishing},
address = {Cham, Switzerland},
pages = {129--145},
doi = {10.1007/978-3-030-23495-9\_7},
editor = {Petter Holme and Jari Saram{\"a}ki},
citations = {Armbruster2017, Epstein2011, Fournet2014, Holme2005, Holme2014, Holme2012, Isella2011, Karsai2011, Kretzschmar1996, Lee2019a, Lentz2013, Miller2017, Moody2002, Moody2016, Morris1995, Rocha2011},
keywords= {temporal-network}
}
@inbook{Lehmann2019,
author = {Lehmann, Sune},
year = {2019},
title = {Fundamental Structures in Temporal Communication Networks},
booktitle = {Temporal Network Theory},
publisher = {Springer International Publishing},
address = {Cham, Switzerland},
pages = {25--48},
doi = {10.1007/978-3-030-23495-9_2},
editor = {Holme, Petter and Saram{\"a}ki, Jari},
keywords= {temporal-network}
}
@article{Lentz2013,
author = {Lentz, Hartmut H. K. and Selhorst, Thomas and Sokolov, Igor M.},
year = {2013},
title = {Unfolding Accessibility Provides a Macroscopic Approach to Temporal Networks},
journal = {Phys. Rev. Lett.},
volume = {110},
number = {11},
pages = {118701},
doi = {10.1103/PhysRevLett.110.118701},
keywords= {temporal-network}
}
@article{Li2022,
author = {Li, Qian and Pan, Qiao and Xie, Liying},
year = {2022},
title = {Prediction of Spread Trend of Epidemic Based on Spatial-Temporal Sequence},
journal = {Symmetry},
volume = {14},
number = {5},
doi = {10.3390/sym14051064},
keywords= {temporal-network}
}
@article{Liljeros2003,
author = {Fredrik Liljeros and Christofer R. Edling and Luis A. Nunes Amaral},
year = {2003},
title = {Sexual networks: implications for the transmission of sexually transmitted infections},
journal = {Microbes Infect.},
volume = {5},
number = {2},
pages = {189--196},
doi = {10.1016/s1286-4579(02)00058-8},
keywords= {temporal-network}
}
@article{Liu2013,
author = {Liu, Su-Yu and Baronchelli, Andrea and Perra, Nicola},
year = {2013},
title = {Contagion dynamics in time-varying metapopulation networks},
journal = {Phys. Rev. E},
volume = {87},
number = {3},
pages = {032805},
doi = {10.1103/PhysRevE.87.032805},
keywords= {temporal-network}
}
@article{Liu2014,
author = {Liu, Suyu and Perra, Nicola and Karsai, M\'arton and Vespignani, Alessandro},
year = {2014},
title = {Controlling Contagion Processes in Activity Driven Networks},
journal = {Phys. Rev. Lett.},
volume = {112},
number = {11},
pages = {118702},
doi = {10.1103/PhysRevLett.112.118702},
keywords= {temporal-network}
}
@article{Lokhov2014,
author = {Lokhov, Andrey Y. and M{\'e}zard, Marc and Ohta, Hiroki and Zdeborov{\'a}, Lenka},
year = {2014},
title = {Inferring the origin of an epidemic with a dynamic message-passing algorithm},
journal = {Phys. Rev. E},
volume = {90},
number = {1},
pages = {012801},
doi = {10.1103/PhysRevE.90.012801},
keywords= {temporal-network}
}
@article{Mastrandrea2015,
author = {Mastrandrea, Rossana and Fournet, Julie and Barrat, Alain},
year = {2015},
title = {Contact Patterns in a High School: A Comparison between Data Collected Using Wearable Sensors, Contact Diaries and Friendship Surveys},
journal = {{Plos One}},
volume = {10},
number = {9},
pages = {1--26},
doi = {10.1371/journal.pone.0136497},
keywords= {temporal-network}
}
@article{Masuda2013,
author = {Naoki Masuda and Petter Holme},
year = {2013},
title = {Predicting and controlling infectious disease epidemics using temporal networks},
journal = {{F1000Prime} Rep.},
volume = {5},
number = {6},
doi = {10.12703/p5-6},
keywords= {temporal-network}
}
@article{Masuda2020,
author = {Naoki Masuda and Petter Holme},
year = {2020},
title = {Small inter-event times govern epidemic spreading on networks},
journal = {Phys. Rev. Research},
volume = {2},
number = {2},
pages = {023163},
doi = {10.1103/PhysRevResearch.2.023163},
keywords= {temporal-network}
}
@article{Masuda2021,
author = {Naoki Masuda and Joel C. Miller and Petter Holme},
year = {2021},
title = {Concurrency measures in the era of temporal network epidemiology: a review},
journal = {J. R. Soc. Interface},
volume = {18},
number = {179},
pages = {20210019},
doi = {10.1098/rsif.2021.0019},
keywords= {temporal-network}
}
@article{Miller2017,
author = {Joel C. Miller and Anja C. Slim},
year = {2017},
title = {Saturation effects and the concurrency hypothesis: Insights from an analytic model},
journal = {{PLoS ONE}},
volume = {12},
number = {11},
pages = {e0187938},
doi = {10.1371/journal.pone.0187938},
keywords= {temporal-network}
}
@inbook{Min2013,
author = {Min, Byungjoon and Goh, Kwang-Il},
year = {2013},
title = {Burstiness: Measures, Models, and Dynamic Consequences},
booktitle = {Temporal Networks},
publisher = {Springer},
address = {Berlin, Heidelberg},
pages = {41--64},
doi = {10.1007/978-3-642-36461-7_3},
editor = {Holme, Petter and Saram{\"a}ki, Jari},
keywords= {temporal-network}
}
@article{Miritello2013a,
author = {Miritello, Giovanna and Lara, Rub{\'e}n and Cebrian, Manuel and Moro, Esteban},
year = {2013},
title = {Limited communication capacity unveils strategies for human interaction},
journal = {Sci. Rep.},
volume = {3},
number = {1},
pages = {1950},
doi = {10.1038/srep01950},
keywords= {temporal-network}
}
@article{Moinet2018,
author = {Moinet, Antoine and Pastor-Satorras, Romualdo and Barrat, Alain},
year = {2018},
title = {Effect of risk perception on epidemic spreading in temporal networks},
journal = {Phys. Rev. E},
volume = {97},
number = {1},
pages = {012313},
doi = {10.1103/PhysRevE.97.012313},
keywords= {temporal-network}
}
@article{Moody2002,
author = {James Moody},
year = {2002},
title = {The Importance of Relationship Timing for Diffusion},
journal = {Soc. Forces},
volume = {81},
number = {1},
pages = {25--56},
url = {http://www.jstor.org/stable/3086526},
keywords= {temporal-network}
}
@article{Moody2016,
author = {James Moody and Richard A. Benton},
year = {2016},
title = {Interdependent effects of cohesion and concurrency for epidemic potential},
journal = {Ann. Epidemiol.},
volume = {26},
number = {4},
pages = {241--248},
doi = {10.1016/j.annepidem.2016.02.011},
citations = {Moody2002,Epstein2011,Morris1995},
keywords= {temporal-network}
}
@article{Morris1995,
author = {Martina Morris and Mirjam Kretzschmar},
year = {1995},
title = {Concurrent partnerships and transmission dynamics in networks},
journal = {Soc. Networks},
volume = {17},
number = {3},
pages = {299--318},
doi = {10.1016/0378-8733(95)00268-s},
keywords= {temporal-network}
}
@inbook{Murata2019,
author = {Murata, Tsuyoshi and Koga, Hokuto},
year = {2019},
title = {Approximation Methods for Influence Maximization in Temporal Networks},
booktitle = {Temporal Network Theory},
publisher = {Springer International Publishing},
address = {Cham, Switzerland},
pages = {345--368},
doi = {10.1007/978-3-030-23495-9_18},
editor = {Holme, Petter and Saram{\"a}ki, Jari},
keywords= {temporal-network}
}
@article{Nicosia2012,
author = {Vincenzo Nicosia and John Tang and Mirco Musolesi and Giovanni Russo and Cecilia Mascolo and Vito Latora},
year = {2012},
title = {Components in time-varying graphs},
journal = {Chaos},
volume = {22},
number = {2},
pages = {023101},
doi = {10.1063/1.3697996},
keywords= {temporal-network}
}
@inbook{Nicosia2013,
author = {Nicosia, Vincenzo and Tang, John and Mascolo, Cecilia and Musolesi, Mirco and Russo, Giovanni and Latora, Vito},
year = {2013},
title = {Graph Metrics for Temporal Networks},
booktitle = {Temporal Networks},
publisher = {Springer},
address = {Berlin, Heidelberg},
pages = {15--40},
doi = {10.1007/978-3-642-36461-7_2},
editor = {Holme, Petter and Saram{\"a}ki, Jari},
keywords= {temporal-network}
}
@article{Onaga2017,
author = {Onaga, Tomokatsu and Gleeson, James P. and Masuda, Naoki},
year = {2017},
title = {Concurrency-Induced Transitions in Epidemic Dynamics on Temporal Networks},
journal = {Phys. Rev. Lett.},
volume = {119},
number = {10},
pages = {108301},
doi = {10.1103/PhysRevLett.119.108301},
citations = {Holme2012,Holme2015,Bansal2010,Keeling2005,Masuda2013Morris1995,Kretzschmar1996,Miller2017,Perra2012,Perra2012,Liu2014,Karsai2011,Stehle2011a,Genois2015a},
keywords= {temporal-network}
}
@inbook{Onaga2019,
author = {Onaga, Tomokatsu and Gleeson, James P. and Masuda, Naoki},
year = {2019},
title = {The Effect of Concurrency on Epidemic Threshold in Time-Varying Networks},
booktitle = {Temporal Network Theory},
publisher = {Springer International Publishing},
address = {Cham, Switzerland},
pages = {253--267},
doi = {10.1007/978-3-030-23495-9_14},
editor = {Holme, Petter and Saram{\"a}ki, Jari},
citations = {Bansal2010,Masuda2013,Holme2015b,Morris1995,Kretzschmar1996,Perra2012,Onaga2017},
keywords= {temporal-network}
}
@article{Pan2011,
author = {Raj Kumar Pan and Jari Saram{\"a}ki},
year = {2011},
title = {Path lengths, correlations, and centrality in temporal networks},
journal = {Phys. Rev. E},
volume = {84},
number = {1},
pages = {016105},
doi = {10.1103/PhysRevE.84.016105},
keywords= {temporal-network}
}
@article{Panisson2012,
author = {Andr{\'e} Panisson and Alain Barrat and Ciro Cattuto and Wouter {Van den Broeck} and Giancarlo Ruffo and Rossano Schifanella},
year = {2012},
title = {On the dynamics of human proximity for data diffusion in ad-hoc networks},
journal = {Ad Hoc Networks},
volume = {10},
number = {8},
pages = {1532--1543},
doi = {10.1016/j.adhoc.2011.06.003},
keywords= {temporal-network}
}
@inproceedings{Panisson2013,
author = {Panisson, Andr{\'e} and Gauvin, Laetitia and Barrat, Alain and Cattuto, Ciro},
year = {2013},
title = {Fingerprinting temporal networks of close-range human proximity},
booktitle = {2013 IEEE International Conference on Pervasive Computing and Communications Workshops (PERCOM Workshops)},
pages = {261--266},
doi = {10.1109/PerComW.2013.6529492},
keywords= {temporal-network}
}
@misc{Perotti2014,
author = {Perotti, Juan Ignacio and Jo, Hang-Hyun and Holme, Petter and Saramäki, Jari},
year = {2014},
title = {Temporal network sparsity and the slowing down of spreading},
note = {e-print: \href{https://arxiv.org/abs/1411.5553}{arXiv:1411.5553}},
keywords= {temporal-network}
}
@article{Perra2012,
author = {Nicola Perra and Beatriz Gon\c{c}alves and Romualdo Pastor-Satorras and Alessandro Vespignani},
year = {2012},
title = {Activity driven modeling of time varying networks},
journal = {Sci. Rep.},
volume = {2},
number = {1},
pages = {469},
doi = {10.1038/srep00469},
keywords= {temporal-network}
}
@article{Pfitzner2013,
author = {Pfitzner, Ren{\'e} and Scholtes, Ingo and Garas, Antonios and Tessone, Claudio J. and Schweitzer, Frank},
year = {2013},
title = {Betweenness Preference: Quantifying Correlations in the Topological Dynamics of Temporal Networks},
journal = {Phys. Rev. Lett.},
volume = {110},
number = {19},
pages = {198701},
doi = {10.1103/PhysRevLett.110.198701},
keywords= {temporal-network}
}
@misc{Raghavan2014,
author = {Raghavan, Vasanthan and Steeg, Greg Ver and Galstyan, Aram and Tartakovsky, Alexander G.},
year = {2014},
title = {Modeling Temporal Activity Patterns in Dynamic Social Networks},
note = {e-print: \href{https://arxiv.org/abs/1305.1980}{arXiv:1305.1980}},
keywords= {temporal-network}
}
@article{Riolo2001,
author = {Christopher S. Riolo and James S. Koopman and Stephen E. Chick},
year = {2001},
title = {Methods and measures for the description of epidemiologic contact networks},
journal = {J. Urban Health},
volume = {78},
number = {3},
pages = {446--457},
doi = {10.1093/jurban/78.3.446},
citations = {Morris1995,Kretzschmar1996},
keywords= {temporal-network}
}
@article{Rocha2011,
author = {Rocha, Luis E. C. and Liljeros, Fredrik and Holme, Petter},
year = {2011},
title = {Simulated Epidemics in an Empirical Spatiotemporal Network of 50,185 Sexual Contacts},
journal = {{PLoS} Comput. Biol.},
volume = {7},
number = {3},
pages = {1--9},
doi = {10.1371/journal.pcbi.1001109},
keywords= {temporal-network}
}
@article{Rocha2012,
author = {Sungmin Lee and Luis E. C. Rocha and Fredrik Liljeros and Petter Holme},
year = {2012},
title = {Exploiting Temporal Network Structures of Human Interaction to Effectively Immunize Populations},
journal = {{PLoS ONE}},
volume = {7},
number = {5},
pages = {e36439},
doi = {10.1371/journal.pone.0036439},
keywords= {temporal-network}
}
@article{Rocha2013,
author = {Rocha, Luis E. C. and Blondel, Vincent D.},
year = {2013},
title = {Bursts of Vertex Activation and Epidemics in Evolving Networks},
journal = {{PLoS} Comput. Biol.},
volume = {9},
number = {3},
pages = {1--9},
doi = {10.1371/journal.pcbi.1002974},
keywords= {temporal-network}
}
@article{Rocha2017,
author = {Rocha, Luis E. C. and Masuda, Naoki and Holme, Petter},
year = {2017},
title = {Sampling of temporal networks: Methods and biases},
journal = {Phys. Rev. E},
volume = {96},
number = {5},
pages = {052302},
doi = {10.1103/PhysRevE.96.052302},
keywords= {temporal-network}
}
@article{Rosvall2014,
author = {Rosvall, Martin and Esquivel, Alcides V. and Lancichinetti, Andrea and West, Jevin D. and Lambiotte, Renaud},
year = {2014},
title = {Memory in network flows and its effects on spreading dynamics and community detection},
journal = {Nat. Commun.},
volume = {5},
number = {1},
pages = {4630},
doi = {10.1038/ncomms5630},
keywords= {temporal-network}
}
@article{Salathe2010,
author = {Marcel Salath{\'e} and Maria Kazandjieva and Jung Woo Lee and Philip Levis and Marcus W. Feldman and James H. Jones},
year = {2010},
title = {A high-resolution human contact network for infectious disease transmission},
journal = {Proc. Natl. Acad. Sci. {USA}},
volume = {107},
number = {51},
pages = {22020--22025},
doi = {10.1073/pnas.1009094108},
keywords= {temporal-network}
}
@article{Salathe2012,
author = {Salath{\'e}, Marcel and Bengtsson, Linus and Bodnar, Todd J. and Brewer, Devon D. and Brownstein, John S. and Buckee, Caroline and Campbell, Ellsworth M. and Cattuto, Ciro and Khandelwal, Shashank and Mabry, Patricia L. and Vespignani, Alessandro},
year = {2012},
title = {Digital Epidemiology},
journal = {{PLoS} Comput. Bio.},
volume = {8},
number = {7},
pages = {1--3},
doi = {10.1371/journal.pcbi.1002616},
keywords= {temporal-network}
}
@article{Schlosser2020,
author = {Frank Schlosser  and Benjamin F. Maier  and Olivia Jack  and David Hinrichs and Adrian Zachariae  and Dirk Brockmann},
year = {2020},
title = {{COVID-19} lockdown induces disease-mitigating structural changes in mobility networks},
journal = {Proc. Natl. Acad. Sci. {USA}},
volume = {117},
number = {52},
pages = {32883--32890},
doi = {10.1073/pnas.2012326117},
keywords= {temporal-network}
}
@article{Scholtes2014,
author = {Scholtes, Ingo and Wider, Nicolas and Pfitzner, Ren{\'e} and Garas, Antonios and Tessone, Claudio J. and Schweitzer, Frank},
year = {2014},
title = {Causality-driven slow-down and speed-up of diffusion in non-Markovian temporal networks},
journal = {Nat. Commun.},
volume = {5},
number = {1},
pages = {5024},
doi = {10.1038/ncomms6024},
keywords= {temporal-network}
}
@article{Starnini2013,
author = {Starnini, Michele and Baronchelli, Andrea and Pastor-Satorras, Romualdo},
year = {2013},
title = {Modeling Human Dynamics of Face-to-Face Interaction Networks},
journal = {Phys. Rev. Lett.},
volume = {110},
number = {16},
pages = {168701},
doi = {10.1103/PhysRevLett.110.168701},
keywords= {temporal-network}
}
@inproceedings{Starnini2017,
author = {Starnini, Michele and Lepri, Bruno and Baronchelli, Andrea and Barrat, Alain and Cattuto, Ciro and Pastor-Satorras, Romualdo},
year = {2017},
title = {Robust Modeling of Human Contact Networks Across Different Scales and Proximity-Sensing Techniques},
booktitle = {Social Informatics},
publisher = {Springer International Publishing},
address = {Cham, Switzerland},
pages = {536--51},
editor = {Ciampaglia, Giovanni Luca and Mashhadi, Afra and Yasseri, Taha},
keywords= {temporal-network}
}
@article{Stehle2011a,
author = {Juliette Stehl{\'e} and Nicolas Voirin and Alain Barrat and Ciro Cattuto and Lorenzo Isella and Corinne R{\'e}gis and Jean Fran\c{c}ois and Nagham Khanafer and Wouter {Van den Broeck} and Philippe Vanhems},
year = {2011},
title = {Simulation of an {SEIR} infectious disease model on the dynamic contact network of conference attendees},
journal = {BMC Med.},
volume = {9},
number = {1},
pages = {87},
doi = {10.1186/1741-7015-9-87},
keywords= {temporal-network}
}
@article{Stehle2011b,
author = {Stehl{\'e}, Juliette and Voirin, Nicolas and Barrat, Alain and Cattuto, Ciro and Isella, Lorenzo and Pinton, Jean-Fran\c{c}ois and Quaggiotto, Marco and {Van den Broeck}, Wouter and R{\'e}gis, Corinne and Lina, Bruno and Vanhems, Philippe},
year = {2011},
title = {High-Resolution Measurements of Face-to-Face Contact Patterns in a Primary School},
journal = {{PLoS ONE}},
volume = {6},
number = {8},
pages = {1--13},
doi = {10.1371/journal.pone.0023176},
keywords= {temporal-network}
}
@article{Stopczynski2015,
author = {Stopczynski, Arkadiusz and Sapiezynski, Piotr and Pentland, Alex and Lehmann, Sune},
year = {2015},
title = {Topological properties of a time-integrated activity-driven network},
journal = {Eur. Phys. J. B},
volume = {88},
number = {6},
pages = {062807},
doi = {10.1140/epjb/e2015-60549-7},
keywords= {temporal-network}
}
@article{Su2018,
author = {Zhen Su and J{\"u}rgen Kurths},
year = {2018},
title = {A dynamic message-passing approach for social contagion in time-varying multiplex networks},
journal = {Europhys. Lett.},
volume = {123},
number = {6},
pages = {68004},
doi = {10.1209/0295-5075/123/68004},
keywords= {temporal-network}
}
@inproceedings{Takaguchi2013,
author = {Takaguchi, Taro and Sato, Nobuo and Yano, Kazuo and Masuda, Naoki},
year = {2013},
title = {Inferring Directed Static Networks of Influence from Undirected Temporal Networks},
booktitle = {2013 IEEE 37th Annual Computer Software and Applications Conference},
pages = {155--156},
doi = {10.1109/compsac.2013.24},
keywords= {temporal-network}
}
@inbook{Tang2013,
author = {Tang, John and Leontiadis, Ilias and Scellato, Salvatore and Nicosia, Vincenzo and Mascolo, Cecilia and Musolesi, Mirco and Latora, Vito},
year = {2013},
title = {Applications of Temporal Graph Metrics to Real-World Networks},
booktitle = {Temporal Networks},
publisher = {Springer},
address = {Berlin, Heidelberg},
pages = {135--159},
doi = {10.1007/978-3-642-36461-7_7},
editor = {Holme, Petter and Saram{\"a}ki, Jari},
keywords= {temporal-network}
}
@article{Vanhems2013,
author = {Vanhems, Philippe and Barrat, Alain and Cattuto, Ciro and Pinton, Jean-Fran\c{c}ois and Khanafer, Nagham and R{\'e}gis, Corinne and Kim, Byeul-a and Comte, Brigitte and Voirin, Nicolas},
year = {2013},
title = {Estimating Potential Infection Transmission Routes in Hospital Wards Using Wearable Proximity Sensors},
journal = {{PLoS ONE}},
volume = {8},
number = {9},
pages = {1--9},
doi = {10.1371/journal.pone.0073970},
keywords= {temporal-network}
}
@article{Vestergaard2014,
author = {Vestergaard, Christian L. and G{\'e}nois, Mathieu and Barrat, Alain},
year = {2014},
title = {How memory generates heterogeneous dynamics in temporal networks},
journal = {Phys. Rev. E},
volume = {90},
number = {4},
pages = {042805},
doi = {10.1103/PhysRevE.90.042805},
keywords= {temporal-network}
}
@article{Volz2009,
author = {Erik Volz and Lauren Ancel Meyers},
year = {2001},
title = {Epidemic thresholds in dynamic contact networks},
journal = {J. R. Soc. Interface},
volume = {6},
number = {32},
pages = {233--241},
doi = {110.1098/rsif.2008.0218},
keywords= {temporal-network}
}
@article{Wang2017,
author = {Wei Wang and Ming Tang and H. Eugene Stanley and Lidia A. Braunstein},
year = {2017},
title = {Unification of theoretical approaches for epidemic spreading on complex networks},
journal = {Rep. Prog. Phys.},
volume = {80},
number = {3},
pages = {036603},
doi = {10.1088/1361-6633/aa5398},
keywords= {temporal-network}
}
@inproceedings{Whitbeck2012,
author = {Whitbeck, John and Dias de Amorim, Marcelo and Conan, Vania and Guillaume, Jean-Loup},
year = {2012},
title = {Temporal Reachability Graphs},
booktitle = {Proceedings of the 18th Annual International Conference on Mobile Computing and Networking},
address = {New York, NY, USA},
series = {Mobicom '12},
pages = {377--388},
doi = {10.1145/2348543.2348589},
keywords= {temporal-network}
}
@article{White2001,
author = {Douglas R. White and M. E. J. Newman},
year = {2001},
title = {Fast approximation for finding node-independent paths in networks},
number = {Paper No. 01-07-035},
journal = {Santa Fe Institute Working Papers Series},
doi = {10.2139/ssrn.1831790},
keywords= {temporal-network}
}
@article{Wu2014,
author = {Wu, Huanhuan and Cheng, James and Huang, Silu and Ke, Yiping and Lu, Yi and Xu, Yanyan},
year = {2014},
title = {Path Problems in Temporal Graphs},
journal = {Proc. VLDB Endow.},
volume = {7},
number = {9},
pages = {721--732},
doi = {10.14778/2732939.2732945},
keywords= {temporal-network}
}
@article{Xuan2003,
author = {Binh-Minh Bui-Xuan and Afonso Ferreira and Aubin Jarry},
year = {2003},
title = {Computing Shortest, Fastest, and Foremost Journeys in Dynamic Networks},
journal = {Int. J. Found. Comput. Sci.},
volume = {14},
number = {2},
pages = {267--285},
doi = {10.1142/s0129054103001728},
keywords= {temporal-network}
}
@article{Yang2011,
author = {Zimo Yang and Ai-Xiang Cui and Tao Zhou},
year = {2011},
title = {Impact of heterogeneous human activities on epidemic spreading},
journal = {Physica A},
volume = {390},
number = {23},
pages = {4543--4548},
doi = {10.1016/j.physa.2011.06.068},
keywords= {temporal-network}
}
@article{Zhang2015,
author = {Zhang, Yi-Qing and Li, Xiang and Xu, Jian and Vasilakos, Athanasios V.},
year = {2015},
title = {Human Interactive Patterns in Temporal Networks},
journal = {IEEE Trans. Syst. Man Cybern. Part A Syst. Humans},
volume = {45},
number = {2},
pages = {214--222},
doi = {10.1109/tsmc.2014.2360505},
keywords= {temporal-network}
}
@inbook{Zhao2013,
author = {Zhao, Kun and Karsai, M{\'a}rton and Bianconi, Ginestra},
year = {2013},
title = {Models, Entropy and Information of Temporal Social Networks},
booktitle = {Temporal Networks},
publisher = {Springer},
address = {Berlin, Heidelberg},
pages = {95--117},
doi = {10.1007/978-3-642-36461-7_5},
editor = {Holme, Petter and Saram{\"a}ki, Jari},
keywords= {temporal-network}
}
@article{Ganti2011,
author={Ganti, Raghu K. and Ye, Fan and Lei, Hui},
journal={IEEE Commun. Mag.},
title={Mobile crowdsensing: current state and future challenges},
year={2011},
volume={49},
number={11},
pages={32--39},
doi={10.1109/MCOM.2011.6069707},
keywords = {crowdsensing}
}
@article{Lane2010,
author={Lane, Nicholas D. and Miluzzo, Emiliano and Lu, Hong and Peebles, Daniel and Choudhury, Tanzeem and Campbell, Andrew T.},
 journal={IEEE Commun. Mag.},
 title={A survey of mobile phone sensing},
 year={2010},
 volume={48},
 number={9},
 pages={140--150},
 doi={10.1109/MCOM.2010.5560598},
 keywords={crowdsensing}
 }
@article{Ma2014,
author={Ma, Huadong and Zhao, Dong and Yuan, Peiyan},
journal={IEEE Commun. Mag.},
title={Opportunities in mobile crowd sensing},
year={2014},
volume={52},
number={8},
pages={29--35},
doi={10.1109/MCOM.2014.6871666},
keyword={crowdsensing}
}
@article{Guo2015,
author = {Guo, Bin and Wang, Zhu and Yu, Zhiwen and Wang, Yu and Yen, Neil Y. and Huang, Runhe and Zhou, Xingshe},
title = {Mobile Crowd Sensing and Computing: The Review of an Emerging Human-Powered Sensing Paradigm},
year = {2015},
volume = {48},
number = {1},
pages = {1--31},
doi = {10.1145/2794400},
journal = {ACM Comput. Surv.},
keywords = {crowdsensing},
}
@article{Capponi2019,
author={Capponi, Andrea and Fiandrino, Claudio and Kantarci, Burak and Foschini, Luca and Kliazovich, Dzmitry and Bouvry, Pascal},
journal={IEEE Commun. Surv. Tut.},
title={A Survey on Mobile Crowdsensing Systems: Challenges, Solutions, and Opportunities},
year={2019},
volume={21},
number={3},
pages={2419--2465},
doi={10.1109/COMST.2019.2914030},
keywords = {crowdsensing}
}

@book{Lynch1996,
title = {Distributed algorithms},
year = 1996,
publisher = {Morgan Kaufmann Publishers, Inc.},
address = {San Francisco, CA}
}